_symbol,_timestamp,_ask_exchange,_ask_price,_ask_size,_bid_exchange,_bid_price,_bid_size,_conditions,_tape,market_price
GOOG,2023-01-17 09:00:00.001918+00:00,T,0.0,0.0,T,92.06,1.0,['R'],C,46.03
GOOG,2023-01-17 09:00:00.001997+00:00,T,92.72,1.0,T,92.06,1.0,['R'],C,92.39
GOOG,2023-01-17 09:00:00.017837+00:00,T,92.72,1.0,K,92.1,1.0,['R'],C,92.41
GOOG,2023-01-17 09:00:00.018545+00:00,T,92.72,1.0,T,92.06,1.0,['R'],C,92.39
GOOG,2023-01-17 09:00:00.019654+00:00,T,92.72,1.0,K,92.1,1.0,['R'],C,92.41
GOOG,2023-01-17 09:00:00.023553+00:00,P,92.7,1.0,K,92.1,1.0,['R'],C,92.4
GOOG,2023-01-17 09:00:00.023738+00:00,P,92.69,1.0,K,92.1,1.0,['R'],C,92.395
GOOG,2023-01-17 09:00:00.023738+00:00,P,92.69,2.0,K,92.1,1.0,['R'],C,92.395
GOOG,2023-01-17 09:00:00.023738+00:00,P,92.69,2.0,P,92.18,4.0,['R'],C,92.435
GOOG,2023-01-17 09:00:00.023764+00:00,P,92.65,3.0,P,92.18,4.0,['R'],C,92.415
GOOG,2023-01-17 09:00:00.085863+00:00,P,92.69,2.0,P,92.18,4.0,['R'],C,92.435
GOOG,2023-01-17 09:00:00.098121+00:00,P,92.69,2.0,K,92.1,1.0,['R'],C,92.395
GOOG,2023-01-17 09:00:00.309339+00:00,P,92.69,2.0,K,92.01,1.0,['R'],C,92.35
GOOG,2023-01-17 09:00:00.309363+00:00,P,92.69,2.0,P,92.0,4.0,['R'],C,92.345
GOOG,2023-01-17 09:00:00.402181+00:00,P,92.69,2.0,P,92.43,1.0,['R'],C,92.56
GOOG,2023-01-17 09:00:00.402250+00:00,P,92.55,1.0,P,92.43,1.0,['R'],C,92.49000000000001
GOOG,2023-01-17 09:00:01.149191+00:00,P,92.55,1.0,T,92.28,1.0,['R'],C,92.41499999999999
GOOG,2023-01-17 09:00:01.150595+00:00,P,92.69,2.0,T,92.28,1.0,['R'],C,92.485
GOOG,2023-01-17 09:00:01.172029+00:00,T,92.64,1.0,T,92.28,1.0,['R'],C,92.46000000000001
GOOG,2023-01-17 09:00:01.205345+00:00,P,92.69,2.0,T,92.28,1.0,['R'],C,92.485
GOOG,2023-01-17 09:00:01.225591+00:00,P,92.69,2.0,K,92.0,4.0,['R'],C,92.345
GOOG,2023-01-17 09:00:01.401621+00:00,P,92.69,2.0,P,92.13,32.0,['R'],C,92.41
GOOG,2023-01-17 09:00:01.414243+00:00,P,92.69,2.0,P,92.43,1.0,['R'],C,92.56
GOOG,2023-01-17 09:00:01.414834+00:00,P,92.57,1.0,P,92.43,1.0,['R'],C,92.5
GOOG,2023-01-17 09:00:02.368031+00:00,P,92.57,1.0,T,92.16,1.0,['R'],C,92.365
GOOG,2023-01-17 09:00:02.382250+00:00,P,92.69,2.0,T,92.16,1.0,['R'],C,92.425
GOOG,2023-01-17 09:00:02.437633+00:00,P,92.69,2.0,K,92.0,4.0,['R'],C,92.345
GOOG,2023-01-17 09:00:02.450697+00:00,T,92.64,1.0,K,92.0,4.0,['R'],C,92.32
GOOG,2023-01-17 09:00:03.006338+00:00,T,92.64,1.0,T,92.16,1.0,['R'],C,92.4
GOOG,2023-01-17 09:00:03.847723+00:00,T,92.64,1.0,P,92.43,1.0,['R'],C,92.535
GOOG,2023-01-17 09:00:03.849303+00:00,P,92.56,1.0,P,92.43,1.0,['R'],C,92.495
GOOG,2023-01-17 09:00:04.499246+00:00,P,92.56,1.0,T,92.16,1.0,['R'],C,92.36
GOOG,2023-01-17 09:00:04.500214+00:00,T,92.64,1.0,T,92.16,1.0,['R'],C,92.4
GOOG,2023-01-17 09:00:05.188254+00:00,T,92.64,1.0,T,92.34,1.0,['R'],C,92.49000000000001
GOOG,2023-01-17 09:00:06.183562+00:00,P,92.69,2.0,T,92.34,1.0,['R'],C,92.515
GOOG,2023-01-17 09:00:06.183585+00:00,P,92.69,2.0,T,92.44,1.0,['R'],C,92.565
GOOG,2023-01-17 09:00:06.183587+00:00,P,92.69,2.0,T,92.5,1.0,['R'],C,92.595
GOOG,2023-01-17 09:00:06.183626+00:00,P,92.69,2.0,T,92.44,3.0,['R'],C,92.565
GOOG,2023-01-17 09:00:06.183652+00:00,P,92.69,2.0,T,92.44,2.0,['R'],C,92.565
GOOG,2023-01-17 09:00:06.183654+00:00,P,92.69,2.0,T,92.44,1.0,['R'],C,92.565
GOOG,2023-01-17 09:00:06.183790+00:00,P,92.69,2.0,T,92.53,1.0,['R'],C,92.61
GOOG,2023-01-17 09:00:06.183885+00:00,P,92.69,2.0,T,92.44,1.0,['R'],C,92.565
GOOG,2023-01-17 09:00:06.186656+00:00,P,92.53,4.0,T,92.44,1.0,['R'],C,92.485
GOOG,2023-01-17 09:00:06.203612+00:00,P,92.53,4.0,T,92.34,1.0,['R'],C,92.435
GOOG,2023-01-17 09:00:06.286738+00:00,P,92.69,2.0,T,92.34,1.0,['R'],C,92.515
GOOG,2023-01-17 09:00:07.302005+00:00,T,92.64,1.0,T,92.34,1.0,['R'],C,92.49000000000001
GOOG,2023-01-17 09:00:15.821043+00:00,T,92.64,1.0,P,92.43,1.0,['R'],C,92.535
GOOG,2023-01-17 09:00:15.821097+00:00,P,92.56,1.0,P,92.43,1.0,['R'],C,92.495
GOOG,2023-01-17 09:00:16.568626+00:00,P,92.65,2.0,P,92.43,1.0,['R'],C,92.54
GOOG,2023-01-17 09:00:16.569172+00:00,P,92.65,2.0,P,92.45,1.0,['R'],C,92.55000000000001
GOOG,2023-01-17 09:00:16.569200+00:00,P,92.65,2.0,P,92.51,1.0,['R'],C,92.58000000000001
GOOG,2023-01-17 09:00:16.569233+00:00,P,92.65,2.0,P,92.55,1.0,['R'],C,92.6
GOOG,2023-01-17 09:00:16.569270+00:00,P,92.65,1.0,P,92.43,1.0,['R'],C,92.54
GOOG,2023-01-17 09:00:16.570281+00:00,P,92.65,1.0,T,92.34,1.0,['R'],C,92.495
GOOG,2023-01-17 09:00:16.595914+00:00,P,92.65,1.0,P,92.42,1.0,['R'],C,92.535
GOOG,2023-01-17 09:00:16.669227+00:00,T,92.64,1.0,P,92.42,1.0,['R'],C,92.53
GOOG,2023-01-17 09:00:17.975863+00:00,P,92.65,1.0,P,92.42,1.0,['R'],C,92.535
GOOG,2023-01-17 09:00:19.098199+00:00,T,92.64,1.0,P,92.42,1.0,['R'],C,92.53
GOOG,2023-01-17 09:00:19.290222+00:00,P,92.65,1.0,P,92.42,1.0,['R'],C,92.535
GOOG,2023-01-17 09:00:19.399830+00:00,T,92.64,1.0,P,92.42,1.0,['R'],C,92.53
GOOG,2023-01-17 09:00:19.573790+00:00,P,92.57,1.0,P,92.42,1.0,['R'],C,92.495
GOOG,2023-01-17 09:00:19.574478+00:00,P,92.57,1.0,P,92.49,1.0,['R'],C,92.53
GOOG,2023-01-17 09:00:19.574555+00:00,P,92.57,1.0,P,92.42,2.0,['R'],C,92.495
GOOG,2023-01-17 09:00:19.574560+00:00,P,92.57,1.0,P,92.42,1.0,['R'],C,92.495
GOOG,2023-01-17 09:00:19.575393+00:00,P,92.57,1.0,P,92.49,1.0,['R'],C,92.53
GOOG,2023-01-17 09:00:19.575790+00:00,P,92.57,1.0,P,92.42,2.0,['R'],C,92.495
GOOG,2023-01-17 09:00:19.575794+00:00,P,92.57,1.0,P,92.42,1.0,['R'],C,92.495
GOOG,2023-01-17 09:00:19.618410+00:00,P,92.57,1.0,P,92.49,1.0,['R'],C,92.53
GOOG,2023-01-17 09:00:25.523540+00:00,T,92.64,1.0,P,92.49,1.0,['R'],C,92.565
GOOG,2023-01-17 09:00:25.523644+00:00,P,92.65,1.0,P,92.49,1.0,['R'],C,92.57
GOOG,2023-01-17 09:00:25.523669+00:00,P,92.65,1.0,P,92.42,2.0,['R'],C,92.535
GOOG,2023-01-17 09:00:25.523704+00:00,P,92.65,1.0,P,92.42,1.0,['R'],C,92.535
GOOG,2023-01-17 09:00:25.529837+00:00,P,92.57,1.0,P,92.42,1.0,['R'],C,92.495
GOOG,2023-01-17 09:00:25.530450+00:00,P,92.57,1.0,P,92.49,1.0,['R'],C,92.53
GOOG,2023-01-17 09:00:25.530469+00:00,P,92.57,1.0,P,92.48,1.0,['R'],C,92.525
GOOG,2023-01-17 09:00:25.532194+00:00,P,92.57,1.0,P,92.42,2.0,['R'],C,92.495
GOOG,2023-01-17 09:00:25.532868+00:00,P,92.57,1.0,P,92.42,1.0,['R'],C,92.495
GOOG,2023-01-17 09:00:25.573671+00:00,P,92.57,1.0,P,92.48,1.0,['R'],C,92.525
GOOG,2023-01-17 09:00:25.574409+00:00,P,92.57,1.0,P,92.48,2.0,['R'],C,92.525
GOOG,2023-01-17 09:00:34.889701+00:00,P,92.59,1.0,P,92.48,2.0,['R'],C,92.535
GOOG,2023-01-17 09:00:34.889817+00:00,P,92.59,1.0,P,92.48,1.0,['R'],C,92.535
GOOG,2023-01-17 09:00:34.889860+00:00,P,92.65,2.0,P,92.48,1.0,['R'],C,92.565
GOOG,2023-01-17 09:00:34.890222+00:00,P,92.65,2.0,P,92.49,1.0,['R'],C,92.57
GOOG,2023-01-17 09:00:34.993831+00:00,T,92.64,1.0,P,92.49,1.0,['R'],C,92.565
GOOG,2023-01-17 09:00:37.139211+00:00,P,92.49,3.0,P,92.45,1.0,['R'],C,92.47
GOOG,2023-01-17 09:00:37.142287+00:00,P,92.49,3.0,P,92.17,32.0,['R'],C,92.33
GOOG,2023-01-17 09:00:37.142957+00:00,P,92.49,3.0,P,92.17,33.0,['R'],C,92.33
GOOG,2023-01-17 09:00:37.144669+00:00,T,92.64,1.0,P,92.17,33.0,['R'],C,92.405
GOOG,2023-01-17 09:00:37.144723+00:00,P,92.65,1.0,P,92.17,33.0,['R'],C,92.41
GOOG,2023-01-17 09:00:37.144760+00:00,P,92.65,1.0,P,92.17,32.0,['R'],C,92.41
GOOG,2023-01-17 09:00:37.144838+00:00,P,92.65,1.0,P,92.45,1.0,['R'],C,92.55000000000001
GOOG,2023-01-17 09:00:37.208031+00:00,P,92.65,1.0,P,92.36,1.0,['R'],C,92.505
GOOG,2023-01-17 09:00:37.208874+00:00,P,92.65,1.0,P,92.42,1.0,['R'],C,92.535
GOOG,2023-01-17 09:00:37.210962+00:00,P,92.65,1.0,P,92.45,1.0,['R'],C,92.55000000000001
GOOG,2023-01-17 09:00:37.244794+00:00,T,92.64,1.0,P,92.45,1.0,['R'],C,92.545
GOOG,2023-01-17 09:00:37.815149+00:00,P,92.65,1.0,P,92.45,1.0,['R'],C,92.55000000000001
GOOG,2023-01-17 09:00:37.893756+00:00,P,92.59,1.0,P,92.45,1.0,['R'],C,92.52000000000001
GOOG,2023-01-17 09:00:43.150027+00:00,T,92.64,1.0,P,92.45,1.0,['R'],C,92.545
GOOG,2023-01-17 09:00:43.153494+00:00,P,92.58,1.0,P,92.45,1.0,['R'],C,92.515
GOOG,2023-01-17 09:00:50.274447+00:00,K,92.5,1.0,P,92.45,1.0,['R'],C,92.475
GOOG,2023-01-17 09:00:51.391448+00:00,P,92.55,1.0,P,92.45,1.0,['R'],C,92.5
GOOG,2023-01-17 09:00:51.659740+00:00,P,92.55,1.0,P,92.45,2.0,['R'],C,92.5
GOOG,2023-01-17 09:00:54.393847+00:00,T,92.63,2.0,P,92.45,2.0,['R'],C,92.53999999999999
GOOG,2023-01-17 09:00:54.429129+00:00,P,92.58,1.0,P,92.45,2.0,['R'],C,92.515
GOOG,2023-01-17 09:00:55.048673+00:00,P,92.58,1.0,P,92.45,1.0,['R'],C,92.515
GOOG,2023-01-17 09:00:56.934054+00:00,P,92.58,1.0,T,92.48,1.0,['R'],C,92.53
GOOG,2023-01-17 09:00:56.934125+00:00,P,92.58,1.0,P,92.45,1.0,['R'],C,92.515
GOOG,2023-01-17 09:00:56.934218+00:00,P,92.58,1.0,P,92.48,1.0,['R'],C,92.53
GOOG,2023-01-17 09:00:56.934376+00:00,P,92.58,1.0,P,92.45,1.0,['R'],C,92.515
GOOG,2023-01-17 09:00:56.934386+00:00,P,92.58,1.0,K,92.48,1.0,['R'],C,92.53
GOOG,2023-01-17 09:00:56.939115+00:00,P,92.58,1.0,P,92.45,1.0,['R'],C,92.515
GOOG,2023-01-17 09:00:58.919908+00:00,P,92.59,1.0,P,92.45,1.0,['R'],C,92.52000000000001
GOOG,2023-01-17 09:00:59.340818+00:00,T,92.63,2.0,P,92.45,1.0,['R'],C,92.53999999999999
GOOG,2023-01-17 09:00:59.938225+00:00,P,92.57,1.0,P,92.45,1.0,['R'],C,92.50999999999999
GOOG,2023-01-17 09:01:01.191347+00:00,P,92.57,1.0,T,92.45,3.0,['R'],C,92.50999999999999
GOOG,2023-01-17 09:01:07.752500+00:00,P,92.5,1.0,T,92.45,3.0,['R'],C,92.475
GOOG,2023-01-17 09:01:07.948419+00:00,P,92.57,1.0,T,92.45,3.0,['R'],C,92.50999999999999
GOOG,2023-01-17 09:01:07.948991+00:00,P,92.57,1.0,T,92.45,4.0,['R'],C,92.50999999999999
GOOG,2023-01-17 09:01:09.132841+00:00,P,92.58,1.0,T,92.45,4.0,['R'],C,92.515
GOOG,2023-01-17 09:01:09.174255+00:00,P,92.49,1.0,T,92.45,4.0,['R'],C,92.47
GOOG,2023-01-17 09:01:09.175547+00:00,P,92.49,1.0,T,92.45,3.0,['R'],C,92.47
GOOG,2023-01-17 09:01:09.280896+00:00,P,92.49,1.0,T,92.45,4.0,['R'],C,92.47
GOOG,2023-01-17 09:01:10.331173+00:00,P,92.49,1.0,T,92.45,3.0,['R'],C,92.47
GOOG,2023-01-17 09:01:10.332209+00:00,P,92.49,1.0,T,92.45,4.0,['R'],C,92.47
GOOG,2023-01-17 09:01:11.265429+00:00,P,92.49,1.0,T,92.45,3.0,['R'],C,92.47
GOOG,2023-01-17 09:01:14.174181+00:00,P,92.54,1.0,T,92.45,3.0,['R'],C,92.495
GOOG,2023-01-17 09:01:14.218037+00:00,P,92.49,1.0,T,92.45,3.0,['R'],C,92.47
GOOG,2023-01-17 09:01:19.217587+00:00,P,92.53,1.0,T,92.45,3.0,['R'],C,92.49000000000001
GOOG,2023-01-17 09:01:19.289477+00:00,T,92.63,2.0,T,92.45,3.0,['R'],C,92.53999999999999
GOOG,2023-01-17 09:01:19.543289+00:00,T,92.58,1.0,T,92.45,3.0,['R'],C,92.515
GOOG,2023-01-17 09:01:19.650711+00:00,T,92.57,2.0,T,92.45,3.0,['R'],C,92.50999999999999
GOOG,2023-01-17 09:01:20.286102+00:00,P,92.53,1.0,T,92.45,3.0,['R'],C,92.49000000000001
GOOG,2023-01-17 09:01:20.336723+00:00,P,92.49,1.0,T,92.45,3.0,['R'],C,92.47
GOOG,2023-01-17 09:01:24.037717+00:00,P,92.49,1.0,P,92.41,1.0,['R'],C,92.44999999999999
GOOG,2023-01-17 09:01:24.039853+00:00,P,92.49,1.0,P,92.39,1.0,['R'],C,92.44
GOOG,2023-01-17 09:01:24.081159+00:00,P,92.49,1.0,P,92.39,2.0,['R'],C,92.44
GOOG,2023-01-17 09:01:34.081365+00:00,P,92.49,1.0,P,92.39,1.0,['R'],C,92.44
GOOG,2023-01-17 09:01:34.084609+00:00,P,92.49,1.0,P,92.4,1.0,['R'],C,92.445
GOOG,2023-01-17 09:01:44.803876+00:00,T,92.57,2.0,P,92.4,1.0,['R'],C,92.485
GOOG,2023-01-17 09:01:44.845585+00:00,P,92.5,1.0,P,92.4,1.0,['R'],C,92.45
GOOG,2023-01-17 09:01:45.506007+00:00,P,92.5,1.0,P,92.39,2.0,['R'],C,92.445
GOOG,2023-01-17 09:01:45.549022+00:00,P,92.5,1.0,P,92.41,1.0,['R'],C,92.455
GOOG,2023-01-17 09:01:45.693204+00:00,P,92.5,1.0,P,92.39,2.0,['R'],C,92.445
GOOG,2023-01-17 09:01:45.734547+00:00,P,92.5,1.0,P,92.4,1.0,['R'],C,92.45
GOOG,2023-01-17 09:01:46.136235+00:00,P,92.5,1.0,P,92.39,2.0,['R'],C,92.445
GOOG,2023-01-17 09:01:46.178599+00:00,P,92.5,1.0,P,92.41,1.0,['R'],C,92.455
GOOG,2023-01-17 09:01:46.220898+00:00,P,92.5,1.0,P,92.39,2.0,['R'],C,92.445
GOOG,2023-01-17 09:01:46.236932+00:00,P,92.5,1.0,P,92.4,1.0,['R'],C,92.45
GOOG,2023-01-17 09:01:51.758272+00:00,T,92.57,2.0,P,92.4,1.0,['R'],C,92.485
GOOG,2023-01-17 09:01:51.799231+00:00,P,92.52,1.0,P,92.4,1.0,['R'],C,92.46000000000001
GOOG,2023-01-17 09:01:56.740697+00:00,K,92.5,1.0,P,92.4,1.0,['R'],C,92.45
GOOG,2023-01-17 09:02:03.081665+00:00,K,92.5,1.0,T,92.37,1.0,['R'],C,92.435
GOOG,2023-01-17 09:02:03.084946+00:00,K,92.5,1.0,P,92.41,1.0,['R'],C,92.455
GOOG,2023-01-17 09:02:03.857272+00:00,K,92.5,1.0,P,92.38,2.0,['R'],C,92.44
GOOG,2023-01-17 09:02:03.857404+00:00,K,92.5,1.0,P,92.38,1.0,['R'],C,92.44
GOOG,2023-01-17 09:02:03.858260+00:00,K,92.5,1.0,P,92.36,2.0,['R'],C,92.43
GOOG,2023-01-17 09:02:03.861008+00:00,K,92.5,1.0,P,92.37,1.0,['R'],C,92.435
GOOG,2023-01-17 09:02:03.861167+00:00,K,92.5,1.0,P,92.4,1.0,['R'],C,92.45
GOOG,2023-01-17 09:02:16.820674+00:00,K,92.5,1.0,P,92.36,2.0,['R'],C,92.43
GOOG,2023-01-17 09:02:16.861565+00:00,K,92.5,1.0,P,92.42,1.0,['R'],C,92.46000000000001
GOOG,2023-01-17 09:02:16.861838+00:00,P,92.52,1.0,P,92.42,1.0,['R'],C,92.47
GOOG,2023-01-17 09:02:17.207416+00:00,P,92.52,1.0,P,92.38,2.0,['R'],C,92.44999999999999
GOOG,2023-01-17 09:02:17.243641+00:00,P,92.52,1.0,P,92.41,1.0,['R'],C,92.465
GOOG,2023-01-17 09:02:19.945784+00:00,T,92.57,2.0,P,92.41,1.0,['R'],C,92.49
GOOG,2023-01-17 09:02:19.948551+00:00,P,92.54,1.0,P,92.41,1.0,['R'],C,92.475
GOOG,2023-01-17 09:02:21.561549+00:00,T,92.63,2.0,P,92.41,1.0,['R'],C,92.52
GOOG,2023-01-17 09:02:21.564528+00:00,P,92.56,1.0,P,92.41,1.0,['R'],C,92.485
GOOG,2023-01-17 09:02:29.164195+00:00,P,92.56,1.0,K,92.39,1.0,['R'],C,92.475
GOOG,2023-01-17 09:02:29.164979+00:00,P,92.56,1.0,P,92.39,1.0,['R'],C,92.475
GOOG,2023-01-17 09:02:29.167701+00:00,P,92.56,1.0,P,92.42,1.0,['R'],C,92.49000000000001
GOOG,2023-01-17 09:02:29.536007+00:00,P,92.56,1.0,P,92.39,2.0,['R'],C,92.475
GOOG,2023-01-17 09:02:29.538660+00:00,P,92.56,1.0,P,92.41,1.0,['R'],C,92.485
GOOG,2023-01-17 09:02:30.810325+00:00,T,92.56,2.0,P,92.41,1.0,['R'],C,92.485
GOOG,2023-01-17 09:02:31.011317+00:00,P,92.56,1.0,P,92.41,1.0,['R'],C,92.485
GOOG,2023-01-17 09:02:37.702398+00:00,T,92.63,2.0,P,92.41,1.0,['R'],C,92.52
GOOG,2023-01-17 09:02:37.744532+00:00,P,92.55,1.0,P,92.41,1.0,['R'],C,92.47999999999999
GOOG,2023-01-17 09:02:48.595421+00:00,P,92.55,1.0,P,92.39,3.0,['R'],C,92.47
GOOG,2023-01-17 09:02:48.595489+00:00,P,92.55,1.0,P,92.39,2.0,['R'],C,92.47
GOOG,2023-01-17 09:02:48.596351+00:00,P,92.55,1.0,P,92.36,1.0,['R'],C,92.455
GOOG,2023-01-17 09:02:48.598467+00:00,P,92.55,1.0,P,92.38,1.0,['R'],C,92.465
GOOG,2023-01-17 09:02:48.598649+00:00,P,92.55,1.0,P,92.4,1.0,['R'],C,92.475
GOOG,2023-01-17 09:02:54.554787+00:00,T,92.63,2.0,P,92.4,1.0,['R'],C,92.515
GOOG,2023-01-17 09:02:54.596245+00:00,P,92.57,1.0,P,92.4,1.0,['R'],C,92.485
GOOG,2023-01-17 09:02:57.993097+00:00,T,92.63,2.0,P,92.4,1.0,['R'],C,92.515
GOOG,2023-01-17 09:02:57.996856+00:00,P,92.59,1.0,P,92.4,1.0,['R'],C,92.495
GOOG,2023-01-17 09:02:59.977962+00:00,P,92.59,1.0,P,92.39,1.0,['R'],C,92.49000000000001
GOOG,2023-01-17 09:02:59.981339+00:00,P,92.59,1.0,P,92.42,1.0,['R'],C,92.505
GOOG,2023-01-17 09:03:00.257119+00:00,P,92.59,1.0,T,92.39,1.0,['R'],C,92.49000000000001
GOOG,2023-01-17 09:03:00.260718+00:00,P,92.59,1.0,P,92.41,1.0,['R'],C,92.5
GOOG,2023-01-17 09:03:00.498136+00:00,P,92.59,1.0,T,92.39,1.0,['R'],C,92.49000000000001
GOOG,2023-01-17 09:03:00.524557+00:00,P,92.59,1.0,P,92.4,1.0,['R'],C,92.495
GOOG,2023-01-17 09:03:08.004655+00:00,T,92.63,2.0,P,92.4,1.0,['R'],C,92.515
GOOG,2023-01-17 09:03:08.010324+00:00,P,92.6,1.0,P,92.4,1.0,['R'],C,92.5
GOOG,2023-01-17 09:03:12.725531+00:00,P,92.6,1.0,P,92.39,2.0,['R'],C,92.495
GOOG,2023-01-17 09:03:12.729063+00:00,P,92.6,1.0,P,92.43,1.0,['R'],C,92.515
GOOG,2023-01-17 09:03:24.290264+00:00,T,92.63,2.0,P,92.43,1.0,['R'],C,92.53
GOOG,2023-01-17 09:03:24.293464+00:00,P,92.59,1.0,P,92.43,1.0,['R'],C,92.51
GOOG,2023-01-17 09:03:29.293854+00:00,T,92.61,2.0,P,92.43,1.0,['R'],C,92.52000000000001
GOOG,2023-01-17 09:03:29.335195+00:00,P,92.58,1.0,P,92.43,1.0,['R'],C,92.505
GOOG,2023-01-17 09:03:33.348572+00:00,P,92.58,1.0,P,92.42,2.0,['R'],C,92.5
GOOG,2023-01-17 09:03:33.351280+00:00,P,92.58,1.0,P,92.42,3.0,['R'],C,92.5
GOOG,2023-01-17 09:03:35.336485+00:00,P,92.58,1.0,P,92.42,2.0,['R'],C,92.5
GOOG,2023-01-17 09:03:35.337243+00:00,P,92.58,1.0,P,92.42,1.0,['R'],C,92.5
GOOG,2023-01-17 09:03:36.491218+00:00,T,92.6,1.0,P,92.42,1.0,['R'],C,92.50999999999999
GOOG,2023-01-17 09:03:36.494003+00:00,P,92.57,1.0,P,92.42,1.0,['R'],C,92.495
GOOG,2023-01-17 09:03:38.466766+00:00,P,92.57,1.0,T,92.39,1.0,['R'],C,92.47999999999999
GOOG,2023-01-17 09:03:38.469253+00:00,P,92.57,1.0,P,92.43,1.0,['R'],C,92.5
GOOG,2023-01-17 09:03:40.770274+00:00,P,92.57,1.0,T,92.39,1.0,['R'],C,92.47999999999999
GOOG,2023-01-17 09:03:40.811469+00:00,P,92.57,1.0,P,92.43,1.0,['R'],C,92.5
GOOG,2023-01-17 09:04:06.599960+00:00,P,92.57,1.0,P,92.43,2.0,['R'],C,92.5
GOOG,2023-01-17 09:04:06.601643+00:00,P,92.57,1.0,P,92.43,1.0,['R'],C,92.5
GOOG,2023-01-17 09:04:06.649266+00:00,P,92.57,1.0,P,92.44,1.0,['R'],C,92.505
GOOG,2023-01-17 09:04:19.789730+00:00,P,92.57,1.0,T,92.43,1.0,['R'],C,92.5
GOOG,2023-01-17 09:04:19.790235+00:00,P,92.57,1.0,P,92.41,1.0,['R'],C,92.49
GOOG,2023-01-17 09:04:19.792463+00:00,P,92.57,1.0,P,92.43,1.0,['R'],C,92.5
GOOG,2023-01-17 09:04:26.217179+00:00,P,92.57,1.0,P,92.43,2.0,['R'],C,92.5
GOOG,2023-01-17 09:04:26.218833+00:00,P,92.57,1.0,P,92.43,1.0,['R'],C,92.5
GOOG,2023-01-17 09:04:26.259295+00:00,P,92.57,1.0,P,92.44,1.0,['R'],C,92.505
GOOG,2023-01-17 09:04:31.621778+00:00,P,92.57,1.0,P,92.36,1.0,['R'],C,92.465
GOOG,2023-01-17 09:04:31.625100+00:00,P,92.57,1.0,P,92.41,1.0,['R'],C,92.49
GOOG,2023-01-17 09:04:32.270365+00:00,P,92.57,1.0,P,92.41,2.0,['R'],C,92.49
GOOG,2023-01-17 09:04:33.379992+00:00,T,92.63,2.0,P,92.41,2.0,['R'],C,92.52
GOOG,2023-01-17 09:04:33.382836+00:00,P,92.56,1.0,P,92.41,2.0,['R'],C,92.485
GOOG,2023-01-17 09:04:37.450867+00:00,P,92.56,1.0,P,92.41,1.0,['R'],C,92.485
GOOG,2023-01-17 09:04:37.468666+00:00,P,92.56,1.0,P,92.43,1.0,['R'],C,92.495
GOOG,2023-01-17 09:04:42.311342+00:00,P,92.56,1.0,P,92.43,2.0,['R'],C,92.495
GOOG,2023-01-17 09:04:42.468071+00:00,P,92.56,1.0,P,92.43,1.0,['R'],C,92.495
GOOG,2023-01-17 09:04:42.509386+00:00,P,92.56,1.0,P,92.44,1.0,['R'],C,92.5
GOOG,2023-01-17 09:04:44.840952+00:00,P,92.56,1.0,P,92.42,1.0,['R'],C,92.49000000000001
GOOG,2023-01-17 09:04:44.844211+00:00,P,92.56,1.0,P,92.43,1.0,['R'],C,92.495
GOOG,2023-01-17 09:04:48.328261+00:00,T,92.63,2.0,P,92.43,1.0,['R'],C,92.53
GOOG,2023-01-17 09:04:48.350236+00:00,P,92.57,1.0,P,92.43,1.0,['R'],C,92.5
GOOG,2023-01-17 09:04:49.844435+00:00,P,92.57,1.0,P,92.42,1.0,['R'],C,92.495
GOOG,2023-01-17 09:04:49.847117+00:00,P,92.57,1.0,P,92.44,1.0,['R'],C,92.505
GOOG,2023-01-17 09:04:53.351752+00:00,P,92.57,1.0,P,92.42,2.0,['R'],C,92.495
GOOG,2023-01-17 09:04:53.352522+00:00,P,92.57,1.0,P,92.42,1.0,['R'],C,92.495
GOOG,2023-01-17 09:04:53.354307+00:00,P,92.57,1.0,P,92.43,1.0,['R'],C,92.5
GOOG,2023-01-17 09:04:58.763236+00:00,P,92.57,1.0,P,92.43,2.0,['R'],C,92.5
GOOG,2023-01-17 09:04:58.766146+00:00,P,92.57,1.0,P,92.43,1.0,['R'],C,92.5
GOOG,2023-01-17 09:04:58.788708+00:00,P,92.57,1.0,P,92.44,1.0,['R'],C,92.505
GOOG,2023-01-17 09:05:00.361812+00:00,P,92.57,1.0,P,92.43,1.0,['R'],C,92.5
GOOG,2023-01-17 09:05:00.361888+00:00,P,92.57,1.0,T,92.38,1.0,['R'],C,92.475
GOOG,2023-01-17 09:05:00.364890+00:00,P,92.57,1.0,P,92.42,1.0,['R'],C,92.495
GOOG,2023-01-17 09:05:00.365351+00:00,P,92.57,1.0,P,92.43,1.0,['R'],C,92.5
GOOG,2023-01-17 09:05:00.434814+00:00,P,92.57,1.0,P,92.43,2.0,['R'],C,92.5
GOOG,2023-01-17 09:05:02.359581+00:00,P,92.57,1.0,P,92.43,3.0,['R'],C,92.5
GOOG,2023-01-17 09:05:04.364516+00:00,P,92.57,1.0,P,92.43,2.0,['R'],C,92.5
GOOG,2023-01-17 09:05:06.364393+00:00,P,92.57,1.0,P,92.43,3.0,['R'],C,92.5
GOOG,2023-01-17 09:05:06.434310+00:00,P,92.57,1.0,P,92.43,2.0,['R'],C,92.5
GOOG,2023-01-17 09:05:07.276851+00:00,P,92.57,1.0,P,92.43,1.0,['R'],C,92.5
GOOG,2023-01-17 09:05:07.381012+00:00,T,92.6,2.0,P,92.43,1.0,['R'],C,92.515
GOOG,2023-01-17 09:05:07.422687+00:00,P,92.58,1.0,P,92.43,1.0,['R'],C,92.505
GOOG,2023-01-17 09:05:09.242020+00:00,P,92.58,1.0,T,92.42,1.0,['R'],C,92.5
GOOG,2023-01-17 09:05:09.260493+00:00,P,92.58,1.0,P,92.43,1.0,['R'],C,92.505
GOOG,2023-01-17 09:05:18.315844+00:00,T,92.6,2.0,P,92.43,1.0,['R'],C,92.515
GOOG,2023-01-17 09:05:18.318773+00:00,P,92.57,1.0,P,92.43,1.0,['R'],C,92.5
GOOG,2023-01-17 09:05:18.419327+00:00,P,92.57,1.0,P,92.43,2.0,['R'],C,92.5
GOOG,2023-01-17 09:05:18.999155+00:00,P,92.57,1.0,P,92.43,1.0,['R'],C,92.5
GOOG,2023-01-17 09:05:19.002201+00:00,P,92.57,1.0,P,92.48,1.0,['R'],C,92.525
GOOG,2023-01-17 09:05:24.152532+00:00,P,92.57,1.0,T,92.43,1.0,['R'],C,92.5
GOOG,2023-01-17 09:05:24.155466+00:00,P,92.57,1.0,P,92.47,1.0,['R'],C,92.52
GOOG,2023-01-17 09:05:24.271613+00:00,P,92.57,1.0,T,92.43,1.0,['R'],C,92.5
GOOG,2023-01-17 09:05:24.271978+00:00,P,92.57,1.0,T,92.41,2.0,['R'],C,92.49
GOOG,2023-01-17 09:05:24.273886+00:00,P,92.57,1.0,P,92.42,1.0,['R'],C,92.495
GOOG,2023-01-17 09:05:24.274115+00:00,P,92.57,1.0,P,92.43,1.0,['R'],C,92.5
GOOG,2023-01-17 09:05:29.340569+00:00,P,92.57,1.0,P,92.44,1.0,['R'],C,92.505
GOOG,2023-01-17 09:05:31.646458+00:00,P,92.57,1.0,P,92.48,1.0,['R'],C,92.525
GOOG,2023-01-17 09:05:32.605339+00:00,T,92.6,2.0,P,92.48,1.0,['R'],C,92.53999999999999
GOOG,2023-01-17 09:05:32.608082+00:00,P,92.59,1.0,P,92.48,1.0,['R'],C,92.535
GOOG,2023-01-17 09:05:37.607581+00:00,T,92.6,2.0,P,92.48,1.0,['R'],C,92.53999999999999
GOOG,2023-01-17 09:05:37.610951+00:00,P,92.58,1.0,P,92.48,1.0,['R'],C,92.53
GOOG,2023-01-17 09:05:47.167601+00:00,P,92.58,1.0,T,92.47,2.0,['R'],C,92.525
GOOG,2023-01-17 09:05:52.173889+00:00,P,92.58,1.0,P,92.48,1.0,['R'],C,92.53
GOOG,2023-01-17 09:05:56.989690+00:00,P,92.58,1.0,T,92.47,2.0,['R'],C,92.525
GOOG,2023-01-17 09:06:01.996026+00:00,P,92.58,1.0,P,92.48,1.0,['R'],C,92.53
GOOG,2023-01-17 09:06:06.804449+00:00,T,92.6,2.0,P,92.48,1.0,['R'],C,92.53999999999999
GOOG,2023-01-17 09:06:06.845447+00:00,P,92.59,1.0,P,92.48,1.0,['R'],C,92.535
GOOG,2023-01-17 09:06:09.536953+00:00,T,92.64,1.0,T,92.48,1.0,['R'],C,92.56
GOOG,2023-01-17 09:06:09.541029+00:00,P,92.6,1.0,T,92.48,1.0,['R'],C,92.53999999999999
GOOG,2023-01-17 09:06:09.568718+00:00,P,92.6,1.0,P,92.48,1.0,['R'],C,92.53999999999999
GOOG,2023-01-17 09:06:09.568824+00:00,T,92.64,1.0,P,92.48,1.0,['R'],C,92.56
GOOG,2023-01-17 09:06:09.579340+00:00,T,92.63,2.0,P,92.48,1.0,['R'],C,92.555
GOOG,2023-01-17 09:06:09.610496+00:00,P,92.62,1.0,P,92.48,1.0,['R'],C,92.55000000000001
GOOG,2023-01-17 09:06:14.702046+00:00,P,92.62,1.0,P,92.49,1.0,['R'],C,92.555
GOOG,2023-01-17 09:06:16.375243+00:00,T,92.63,2.0,T,92.49,1.0,['R'],C,92.56
GOOG,2023-01-17 09:06:16.378499+00:00,P,92.6,1.0,T,92.49,1.0,['R'],C,92.54499999999999
GOOG,2023-01-17 09:06:16.877224+00:00,P,92.6,1.0,P,92.5,1.0,['R'],C,92.55
GOOG,2023-01-17 09:06:22.596368+00:00,P,92.6,1.0,T,92.51,1.0,['R'],C,92.555
GOOG,2023-01-17 09:06:23.440072+00:00,T,92.63,2.0,T,92.51,1.0,['R'],C,92.57
GOOG,2023-01-17 09:06:23.443591+00:00,P,92.61,1.0,T,92.51,1.0,['R'],C,92.56
GOOG,2023-01-17 09:06:25.674058+00:00,P,92.61,1.0,P,92.5,1.0,['R'],C,92.555
GOOG,2023-01-17 09:06:27.674944+00:00,P,92.61,1.0,P,92.51,1.0,['R'],C,92.56
GOOG,2023-01-17 09:06:27.675059+00:00,P,92.61,1.0,P,92.51,2.0,['R'],C,92.56
GOOG,2023-01-17 09:06:27.677229+00:00,T,92.63,2.0,P,92.51,2.0,['R'],C,92.57
GOOG,2023-01-17 09:06:27.718321+00:00,P,92.61,1.0,P,92.51,2.0,['R'],C,92.56
GOOG,2023-01-17 09:06:27.718396+00:00,P,92.61,1.0,P,92.52,1.0,['R'],C,92.565
GOOG,2023-01-17 09:06:30.099571+00:00,T,92.63,2.0,P,92.52,1.0,['R'],C,92.57499999999999
GOOG,2023-01-17 09:06:30.496268+00:00,P,92.64,1.0,P,92.52,1.0,['R'],C,92.58
GOOG,2023-01-17 09:06:30.722827+00:00,P,92.65,1.0,P,92.52,1.0,['R'],C,92.58500000000001
GOOG,2023-01-17 09:06:30.725821+00:00,P,92.65,2.0,P,92.52,1.0,['R'],C,92.58500000000001
GOOG,2023-01-17 09:06:34.681381+00:00,P,92.65,2.0,P,92.52,2.0,['R'],C,92.58500000000001
GOOG,2023-01-17 09:06:35.039159+00:00,P,92.65,1.0,P,92.52,2.0,['R'],C,92.58500000000001
GOOG,2023-01-17 09:06:39.137259+00:00,P,92.65,1.0,P,92.52,1.0,['R'],C,92.58500000000001
GOOG,2023-01-17 09:06:40.109174+00:00,P,92.64,1.0,P,92.52,1.0,['R'],C,92.58
GOOG,2023-01-17 09:06:40.317849+00:00,P,92.65,1.0,P,92.52,1.0,['R'],C,92.58500000000001
GOOG,2023-01-17 09:06:40.321692+00:00,P,92.65,2.0,P,92.52,1.0,['R'],C,92.58500000000001
GOOG,2023-01-17 09:06:44.876043+00:00,P,92.65,2.0,T,92.46,1.0,['R'],C,92.555
GOOG,2023-01-17 09:06:44.916346+00:00,P,92.65,2.0,P,92.53,1.0,['R'],C,92.59
GOOG,2023-01-17 09:06:45.322244+00:00,P,92.65,1.0,P,92.53,1.0,['R'],C,92.59
GOOG,2023-01-17 09:06:45.324932+00:00,P,92.64,1.0,P,92.53,1.0,['R'],C,92.58500000000001
GOOG,2023-01-17 09:06:45.905668+00:00,P,92.64,1.0,T,92.46,1.0,['R'],C,92.55
GOOG,2023-01-17 09:06:45.946314+00:00,P,92.64,1.0,P,92.52,1.0,['R'],C,92.58
GOOG,2023-01-17 09:06:50.325435+00:00,P,92.65,1.0,P,92.52,1.0,['R'],C,92.58500000000001
GOOG,2023-01-17 09:06:50.328568+00:00,P,92.63,1.0,P,92.52,1.0,['R'],C,92.57499999999999
GOOG,2023-01-17 09:06:50.906563+00:00,P,92.63,1.0,T,92.55,1.0,['R'],C,92.59
GOOG,2023-01-17 09:06:52.743345+00:00,P,92.65,1.0,T,92.55,1.0,['R'],C,92.6
GOOG,2023-01-17 09:06:52.784355+00:00,P,92.63,1.0,T,92.55,1.0,['R'],C,92.59
GOOG,2023-01-17 09:06:58.786737+00:00,P,92.63,1.0,P,92.53,1.0,['R'],C,92.58
GOOG,2023-01-17 09:06:58.788908+00:00,P,92.63,1.0,T,92.46,1.0,['R'],C,92.54499999999999
GOOG,2023-01-17 09:06:58.792303+00:00,P,92.63,1.0,P,92.52,1.0,['R'],C,92.57499999999999
GOOG,2023-01-17 09:06:58.860403+00:00,P,92.65,1.0,P,92.52,1.0,['R'],C,92.58500000000001
GOOG,2023-01-17 09:06:58.866608+00:00,P,92.64,1.0,P,92.52,1.0,['R'],C,92.58
GOOG,2023-01-17 09:07:01.179123+00:00,P,92.64,1.0,T,92.46,1.0,['R'],C,92.55
GOOG,2023-01-17 09:07:01.220452+00:00,P,92.64,1.0,P,92.52,1.0,['R'],C,92.58
GOOG,2023-01-17 09:07:02.856541+00:00,P,92.64,1.0,T,92.46,1.0,['R'],C,92.55
GOOG,2023-01-17 09:07:02.859931+00:00,P,92.64,1.0,P,92.48,1.0,['R'],C,92.56
GOOG,2023-01-17 09:07:12.853043+00:00,P,92.65,2.0,P,92.48,1.0,['R'],C,92.565
GOOG,2023-01-17 09:07:12.856063+00:00,P,92.61,1.0,P,92.48,1.0,['R'],C,92.545
GOOG,2023-01-17 09:07:12.859571+00:00,P,92.61,1.0,T,92.42,1.0,['R'],C,92.515
GOOG,2023-01-17 09:07:12.879097+00:00,P,92.61,1.0,P,92.52,1.0,['R'],C,92.565
GOOG,2023-01-17 09:07:13.589527+00:00,P,92.65,2.0,P,92.52,1.0,['R'],C,92.58500000000001
GOOG,2023-01-17 09:07:13.592552+00:00,P,92.63,1.0,P,92.52,1.0,['R'],C,92.57499999999999
GOOG,2023-01-17 09:07:16.139304+00:00,P,92.63,1.0,K,92.43,1.0,['R'],C,92.53
GOOG,2023-01-17 09:07:16.139749+00:00,P,92.63,1.0,T,92.41,2.0,['R'],C,92.52
GOOG,2023-01-17 09:07:16.142039+00:00,P,92.63,1.0,P,92.52,1.0,['R'],C,92.57499999999999
GOOG,2023-01-17 09:07:21.142383+00:00,P,92.63,1.0,P,92.43,1.0,['R'],C,92.53
GOOG,2023-01-17 09:07:21.184945+00:00,P,92.63,1.0,P,92.53,1.0,['R'],C,92.58
GOOG,2023-01-17 09:07:21.726713+00:00,P,92.65,2.0,P,92.53,1.0,['R'],C,92.59
GOOG,2023-01-17 09:07:21.770809+00:00,P,92.64,1.0,P,92.53,1.0,['R'],C,92.58500000000001
GOOG,2023-01-17 09:07:26.574868+00:00,P,92.64,1.0,T,92.55,1.0,['R'],C,92.595
GOOG,2023-01-17 09:07:26.574975+00:00,P,92.64,1.0,P,92.53,1.0,['R'],C,92.58500000000001
GOOG,2023-01-17 09:07:33.974476+00:00,P,92.64,1.0,T,92.47,2.0,['R'],C,92.555
GOOG,2023-01-17 09:07:33.977196+00:00,P,92.64,1.0,P,92.52,1.0,['R'],C,92.58
GOOG,2023-01-17 09:07:34.431070+00:00,P,92.65,1.0,P,92.52,1.0,['R'],C,92.58500000000001
GOOG,2023-01-17 09:07:34.472540+00:00,P,92.65,2.0,P,92.52,1.0,['R'],C,92.58500000000001
GOOG,2023-01-17 09:07:38.221705+00:00,P,92.65,1.0,P,92.52,1.0,['R'],C,92.58500000000001
GOOG,2023-01-17 09:07:38.263412+00:00,P,92.65,2.0,P,92.52,1.0,['R'],C,92.58500000000001
GOOG,2023-01-17 09:07:38.874208+00:00,P,92.65,1.0,P,92.52,1.0,['R'],C,92.58500000000001
GOOG,2023-01-17 09:07:38.976490+00:00,P,92.65,1.0,T,92.47,2.0,['R'],C,92.56
GOOG,2023-01-17 09:07:39.018027+00:00,P,92.65,1.0,P,92.53,1.0,['R'],C,92.59
GOOG,2023-01-17 09:07:46.984728+00:00,P,92.65,1.0,P,92.54,1.0,['R'],C,92.595
GOOG,2023-01-17 09:07:47.026999+00:00,P,92.65,1.0,P,92.55,1.0,['R'],C,92.6
GOOG,2023-01-17 09:07:51.987380+00:00,P,92.65,1.0,P,92.55,2.0,['R'],C,92.6
GOOG,2023-01-17 09:07:54.669527+00:00,P,92.65,2.0,P,92.55,2.0,['R'],C,92.6
GOOG,2023-01-17 09:07:54.669614+00:00,P,92.65,2.0,P,92.55,3.0,['R'],C,92.6
GOOG,2023-01-17 09:07:55.284517+00:00,P,92.65,2.0,P,92.55,2.0,['R'],C,92.6
GOOG,2023-01-17 09:07:55.326885+00:00,P,92.65,2.0,P,92.56,1.0,['R'],C,92.605
GOOG,2023-01-17 09:07:57.679285+00:00,P,92.65,2.0,P,92.57,1.0,['R'],C,92.61
GOOG,2023-01-17 09:07:59.670287+00:00,P,92.65,1.0,P,92.57,1.0,['R'],C,92.61
GOOG,2023-01-17 09:07:59.673532+00:00,P,92.64,1.0,P,92.57,1.0,['R'],C,92.60499999999999
GOOG,2023-01-17 09:08:00.071217+00:00,P,92.64,1.0,P,92.56,1.0,['R'],C,92.6
GOOG,2023-01-17 09:08:00.443540+00:00,P,92.65,1.0,P,92.56,1.0,['R'],C,92.605
GOOG,2023-01-17 09:08:00.461180+00:00,P,92.65,2.0,P,92.56,1.0,['R'],C,92.605
GOOG,2023-01-17 09:08:01.673945+00:00,P,92.65,1.0,P,92.56,1.0,['R'],C,92.605
GOOG,2023-01-17 09:08:03.076660+00:00,P,92.65,1.0,K,92.55,1.0,['R'],C,92.6
GOOG,2023-01-17 09:08:35.056588+00:00,P,92.65,1.0,P,92.53,1.0,['R'],C,92.59
GOOG,2023-01-17 09:08:35.058939+00:00,P,92.65,1.0,P,92.54,1.0,['R'],C,92.595
GOOG,2023-01-17 09:08:35.060462+00:00,P,92.65,1.0,P,92.54,2.0,['R'],C,92.595
GOOG,2023-01-17 09:08:35.480206+00:00,P,92.65,1.0,T,92.55,2.0,['R'],C,92.6
GOOG,2023-01-17 09:08:35.686932+00:00,P,92.65,1.0,P,92.54,2.0,['R'],C,92.595
GOOG,2023-01-17 09:08:36.455709+00:00,P,92.64,1.0,P,92.54,2.0,['R'],C,92.59
GOOG,2023-01-17 09:08:38.099844+00:00,P,92.64,1.0,P,92.55,1.0,['R'],C,92.595
GOOG,2023-01-17 09:08:39.051529+00:00,P,92.65,1.0,P,92.55,1.0,['R'],C,92.6
GOOG,2023-01-17 09:08:39.093890+00:00,P,92.64,1.0,P,92.55,1.0,['R'],C,92.595
GOOG,2023-01-17 09:08:39.250678+00:00,P,92.65,1.0,P,92.55,1.0,['R'],C,92.6
GOOG,2023-01-17 09:08:39.292132+00:00,P,92.65,2.0,P,92.55,1.0,['R'],C,92.6
GOOG,2023-01-17 09:08:39.653705+00:00,P,92.65,1.0,P,92.55,1.0,['R'],C,92.6
GOOG,2023-01-17 09:08:39.699715+00:00,P,92.64,1.0,P,92.55,1.0,['R'],C,92.595
GOOG,2023-01-17 09:08:43.053880+00:00,P,92.64,1.0,T,92.56,1.0,['R'],C,92.6
GOOG,2023-01-17 09:08:43.053969+00:00,P,92.64,1.0,P,92.55,1.0,['R'],C,92.595
GOOG,2023-01-17 09:08:43.055925+00:00,P,92.65,1.0,P,92.55,1.0,['R'],C,92.6
GOOG,2023-01-17 09:08:43.058690+00:00,P,92.65,2.0,P,92.55,1.0,['R'],C,92.6
GOOG,2023-01-17 09:08:50.277235+00:00,P,92.65,1.0,P,92.55,1.0,['R'],C,92.6
GOOG,2023-01-17 09:08:50.280994+00:00,P,92.64,1.0,P,92.55,1.0,['R'],C,92.595
GOOG,2023-01-17 09:08:50.776981+00:00,P,92.65,1.0,P,92.55,1.0,['R'],C,92.6
GOOG,2023-01-17 09:08:50.779885+00:00,P,92.65,2.0,P,92.55,1.0,['R'],C,92.6
GOOG,2023-01-17 09:08:55.779788+00:00,P,92.65,1.0,P,92.55,1.0,['R'],C,92.6
GOOG,2023-01-17 09:08:55.782401+00:00,P,92.64,1.0,P,92.55,1.0,['R'],C,92.595
GOOG,2023-01-17 09:08:57.718895+00:00,P,92.64,1.0,T,92.54,2.0,['R'],C,92.59
GOOG,2023-01-17 09:08:57.923717+00:00,P,92.64,1.0,P,92.54,2.0,['R'],C,92.59
GOOG,2023-01-17 09:08:59.131685+00:00,P,92.64,1.0,P,92.54,1.0,['R'],C,92.59
GOOG,2023-01-17 09:09:02.728541+00:00,P,92.64,1.0,P,92.55,1.0,['R'],C,92.595
GOOG,2023-01-17 09:09:08.569923+00:00,P,92.64,1.0,K,92.55,1.0,['R'],C,92.595
GOOG,2023-01-17 09:09:10.568379+00:00,P,92.64,1.0,P,92.54,1.0,['R'],C,92.59
GOOG,2023-01-17 09:09:10.572151+00:00,P,92.64,1.0,P,92.55,1.0,['R'],C,92.595
GOOG,2023-01-17 09:09:10.673949+00:00,P,92.64,1.0,T,92.55,2.0,['R'],C,92.595
GOOG,2023-01-17 09:09:10.773998+00:00,P,92.65,1.0,T,92.55,2.0,['R'],C,92.6
GOOG,2023-01-17 09:09:10.815353+00:00,P,92.64,1.0,T,92.55,2.0,['R'],C,92.595
GOOG,2023-01-17 09:09:10.878388+00:00,P,92.64,1.0,P,92.55,1.0,['R'],C,92.595
GOOG,2023-01-17 09:09:11.789650+00:00,P,92.64,1.0,P,92.54,1.0,['R'],C,92.59
GOOG,2023-01-17 09:09:13.281260+00:00,P,92.64,1.0,T,92.55,1.0,['R'],C,92.595
GOOG,2023-01-17 09:09:13.385176+00:00,P,92.64,1.0,T,92.55,3.0,['R'],C,92.595
GOOG,2023-01-17 09:09:18.451731+00:00,P,92.65,1.0,T,92.55,3.0,['R'],C,92.6
GOOG,2023-01-17 09:09:18.493487+00:00,P,92.64,1.0,T,92.55,3.0,['R'],C,92.595
GOOG,2023-01-17 09:09:22.921096+00:00,P,92.64,1.0,T,92.55,2.0,['R'],C,92.595
GOOG,2023-01-17 09:09:23.545586+00:00,P,92.64,1.0,P,92.55,1.0,['R'],C,92.595
GOOG,2023-01-17 09:09:26.070031+00:00,P,92.65,2.0,P,92.55,1.0,['R'],C,92.6
GOOG,2023-01-17 09:09:26.095678+00:00,P,92.63,1.0,P,92.55,1.0,['R'],C,92.59
GOOG,2023-01-17 09:09:30.925300+00:00,P,92.63,1.0,P,92.53,2.0,['R'],C,92.58
GOOG,2023-01-17 09:09:30.928269+00:00,P,92.63,1.0,P,92.54,1.0,['R'],C,92.58500000000001
GOOG,2023-01-17 09:09:45.103092+00:00,P,92.65,1.0,P,92.54,1.0,['R'],C,92.595
GOOG,2023-01-17 09:09:45.108310+00:00,P,92.64,1.0,P,92.54,1.0,['R'],C,92.59
GOOG,2023-01-17 09:09:55.722483+00:00,P,92.65,1.0,P,92.54,1.0,['R'],C,92.595
GOOG,2023-01-17 09:09:55.764697+00:00,P,92.63,1.0,P,92.54,1.0,['R'],C,92.58500000000001
GOOG,2023-01-17 09:09:55.779408+00:00,P,92.65,1.0,P,92.54,1.0,['R'],C,92.595
GOOG,2023-01-17 09:09:55.820984+00:00,P,92.64,1.0,P,92.54,1.0,['R'],C,92.59
GOOG,2023-01-17 09:10:01.263610+00:00,P,92.65,1.0,P,92.54,1.0,['R'],C,92.595
GOOG,2023-01-17 09:10:01.276946+00:00,P,92.63,1.0,P,92.54,1.0,['R'],C,92.58500000000001
GOOG,2023-01-17 09:10:04.745995+00:00,P,92.65,1.0,P,92.54,1.0,['R'],C,92.595
GOOG,2023-01-17 09:10:04.787987+00:00,P,92.64,1.0,P,92.54,1.0,['R'],C,92.59
GOOG,2023-01-17 09:10:10.515892+00:00,P,92.65,1.0,P,92.54,1.0,['R'],C,92.595
GOOG,2023-01-17 09:10:10.524728+00:00,P,92.64,1.0,P,92.54,1.0,['R'],C,92.59
GOOG,2023-01-17 09:10:11.978973+00:00,P,92.65,1.0,P,92.54,1.0,['R'],C,92.595
GOOG,2023-01-17 09:10:11.982433+00:00,P,92.65,2.0,P,92.54,1.0,['R'],C,92.595
GOOG,2023-01-17 09:10:13.313843+00:00,P,92.65,2.0,P,92.52,1.0,['R'],C,92.58500000000001
GOOG,2023-01-17 09:10:13.316785+00:00,P,92.65,2.0,P,92.61,1.0,['R'],C,92.63
GOOG,2023-01-17 09:10:13.382652+00:00,P,92.65,1.0,P,92.61,1.0,['R'],C,92.63
GOOG,2023-01-17 09:11:01.565470+00:00,P,92.65,1.0,T,92.52,1.0,['R'],C,92.58500000000001
GOOG,2023-01-17 09:11:02.539790+00:00,P,92.65,1.0,T,92.52,3.0,['R'],C,92.58500000000001
GOOG,2023-01-17 09:11:02.662202+00:00,P,92.65,1.0,P,92.61,1.0,['R'],C,92.63
GOOG,2023-01-17 09:13:33.411911+00:00,P,92.65,1.0,P,92.52,1.0,['R'],C,92.58500000000001
GOOG,2023-01-17 09:13:33.414490+00:00,P,92.65,1.0,P,92.54,1.0,['R'],C,92.595
GOOG,2023-01-17 09:13:37.505855+00:00,P,92.65,1.0,T,92.51,1.0,['R'],C,92.58000000000001
GOOG,2023-01-17 09:13:37.509235+00:00,P,92.65,1.0,P,92.52,1.0,['R'],C,92.58500000000001
GOOG,2023-01-17 09:13:50.689051+00:00,P,92.65,1.0,P,92.53,1.0,['R'],C,92.59
GOOG,2023-01-17 09:13:50.689085+00:00,P,92.65,1.0,P,92.52,1.0,['R'],C,92.58500000000001
GOOG,2023-01-17 09:13:50.690462+00:00,P,92.65,1.0,T,92.53,1.0,['R'],C,92.59
GOOG,2023-01-17 09:13:50.692211+00:00,P,92.65,1.0,P,92.52,1.0,['R'],C,92.58500000000001
GOOG,2023-01-17 09:13:50.798123+00:00,P,92.65,1.0,T,92.53,1.0,['R'],C,92.59
GOOG,2023-01-17 09:13:50.998423+00:00,P,92.65,1.0,P,92.52,1.0,['R'],C,92.58500000000001
GOOG,2023-01-17 09:13:54.040491+00:00,P,92.65,1.0,K,92.51,1.0,['R'],C,92.58000000000001
GOOG,2023-01-17 09:13:54.054498+00:00,P,92.65,1.0,P,92.53,1.0,['R'],C,92.59
GOOG,2023-01-17 09:13:56.019108+00:00,P,92.65,2.0,P,92.53,1.0,['R'],C,92.59
GOOG,2023-01-17 09:13:57.642128+00:00,P,92.65,2.0,K,92.51,1.0,['R'],C,92.58000000000001
GOOG,2023-01-17 09:13:57.647686+00:00,P,92.65,2.0,P,92.52,1.0,['R'],C,92.58500000000001
GOOG,2023-01-17 09:14:01.018784+00:00,P,92.65,1.0,P,92.52,1.0,['R'],C,92.58500000000001
GOOG,2023-01-17 09:14:01.022070+00:00,P,92.64,1.0,P,92.52,1.0,['R'],C,92.58
GOOG,2023-01-17 09:14:01.743771+00:00,P,92.65,1.0,P,92.52,1.0,['R'],C,92.58500000000001
GOOG,2023-01-17 09:14:01.770950+00:00,P,92.65,2.0,P,92.52,1.0,['R'],C,92.58500000000001
GOOG,2023-01-17 09:14:10.681204+00:00,P,92.65,1.0,P,92.52,1.0,['R'],C,92.58500000000001
GOOG,2023-01-17 09:14:10.722554+00:00,P,92.64,1.0,P,92.52,1.0,['R'],C,92.58
GOOG,2023-01-17 09:14:11.649926+00:00,P,92.64,1.0,T,92.49,2.0,['R'],C,92.565
GOOG,2023-01-17 09:14:21.942345+00:00,P,92.65,1.0,T,92.49,2.0,['R'],C,92.57
GOOG,2023-01-17 09:14:21.945032+00:00,P,92.65,2.0,T,92.49,2.0,['R'],C,92.57
GOOG,2023-01-17 09:14:24.284716+00:00,P,92.65,2.0,P,92.5,1.0,['R'],C,92.575
GOOG,2023-01-17 09:14:28.445018+00:00,P,92.65,1.0,P,92.5,1.0,['R'],C,92.575
GOOG,2023-01-17 09:14:28.486134+00:00,P,92.64,1.0,P,92.5,1.0,['R'],C,92.57
GOOG,2023-01-17 09:14:32.760113+00:00,P,92.64,1.0,T,92.49,2.0,['R'],C,92.565
GOOG,2023-01-17 09:14:32.762983+00:00,P,92.64,1.0,P,92.51,1.0,['R'],C,92.575
GOOG,2023-01-17 09:14:33.332789+00:00,P,92.64,1.0,T,92.49,2.0,['R'],C,92.565
GOOG,2023-01-17 09:14:33.335996+00:00,P,92.64,1.0,P,92.54,1.0,['R'],C,92.59
GOOG,2023-01-17 09:14:36.401147+00:00,P,92.65,1.0,P,92.54,1.0,['R'],C,92.595
GOOG,2023-01-17 09:14:36.405348+00:00,P,92.65,2.0,P,92.54,1.0,['R'],C,92.595
GOOG,2023-01-17 09:14:36.673078+00:00,P,92.65,1.0,P,92.54,1.0,['R'],C,92.595
GOOG,2023-01-17 09:14:43.335459+00:00,P,92.65,1.0,T,92.49,2.0,['R'],C,92.57
GOOG,2023-01-17 09:14:43.338086+00:00,P,92.65,1.0,P,92.6,1.0,['R'],C,92.625
GOOG,2023-01-17 09:14:46.721382+00:00,P,92.65,1.0,T,92.49,2.0,['R'],C,92.57
GOOG,2023-01-17 09:14:46.763560+00:00,P,92.65,1.0,P,92.54,1.0,['R'],C,92.595
GOOG,2023-01-17 09:14:46.940101+00:00,P,92.65,2.0,P,92.54,1.0,['R'],C,92.595
GOOG,2023-01-17 09:14:46.998293+00:00,P,92.65,1.0,P,92.54,1.0,['R'],C,92.595
GOOG,2023-01-17 09:14:53.384469+00:00,P,92.65,1.0,T,92.49,2.0,['R'],C,92.57
GOOG,2023-01-17 09:14:53.387535+00:00,P,92.65,1.0,P,92.55,1.0,['R'],C,92.6
GOOG,2023-01-17 09:15:03.388746+00:00,P,92.65,1.0,T,92.49,2.0,['R'],C,92.57
GOOG,2023-01-17 09:15:03.392366+00:00,P,92.65,1.0,P,92.6,1.0,['R'],C,92.625
GOOG,2023-01-17 09:15:03.768552+00:00,P,92.65,1.0,T,92.49,2.0,['R'],C,92.57
GOOG,2023-01-17 09:15:03.810577+00:00,P,92.65,1.0,P,92.54,1.0,['R'],C,92.595
GOOG,2023-01-17 09:15:04.043037+00:00,P,92.65,2.0,P,92.54,1.0,['R'],C,92.595
GOOG,2023-01-17 09:15:04.245086+00:00,P,92.65,1.0,P,92.54,1.0,['R'],C,92.595
GOOG,2023-01-17 09:15:14.855211+00:00,P,92.65,1.0,T,92.49,2.0,['R'],C,92.57
GOOG,2023-01-17 09:15:14.859021+00:00,P,92.65,1.0,P,92.6,1.0,['R'],C,92.625
GOOG,2023-01-17 09:15:14.882300+00:00,P,92.65,1.0,T,92.49,2.0,['R'],C,92.57
GOOG,2023-01-17 09:15:14.922854+00:00,P,92.65,1.0,P,92.54,1.0,['R'],C,92.595
GOOG,2023-01-17 09:15:25.759941+00:00,P,92.65,1.0,T,92.6,1.0,['R'],C,92.625
GOOG,2023-01-17 09:16:25.588986+00:00,P,92.65,2.0,T,92.6,1.0,['R'],C,92.625
GOOG,2023-01-17 09:16:25.601493+00:00,P,92.65,1.0,T,92.6,1.0,['R'],C,92.625
GOOG,2023-01-17 09:16:31.617062+00:00,P,92.65,1.0,P,92.55,1.0,['R'],C,92.6
GOOG,2023-01-17 09:16:36.483041+00:00,P,92.65,1.0,T,92.55,1.0,['R'],C,92.6
GOOG,2023-01-17 09:16:36.524662+00:00,P,92.65,1.0,P,92.56,1.0,['R'],C,92.605
GOOG,2023-01-17 09:16:41.872520+00:00,P,92.65,2.0,P,92.56,1.0,['R'],C,92.605
GOOG,2023-01-17 09:16:42.142318+00:00,P,92.65,1.0,P,92.56,1.0,['R'],C,92.605
GOOG,2023-01-17 09:16:59.654682+00:00,P,92.65,2.0,P,92.56,1.0,['R'],C,92.605
GOOG,2023-01-17 09:17:00.317122+00:00,P,92.65,1.0,P,92.56,1.0,['R'],C,92.605
GOOG,2023-01-17 09:17:10.366367+00:00,P,92.65,2.0,P,92.56,1.0,['R'],C,92.605
GOOG,2023-01-17 09:17:12.459369+00:00,T,92.63,3.0,P,92.56,1.0,['R'],C,92.595
GOOG,2023-01-17 09:17:12.564439+00:00,T,92.62,1.0,P,92.56,1.0,['R'],C,92.59
GOOG,2023-01-17 09:17:15.710079+00:00,T,92.61,1.0,P,92.56,1.0,['R'],C,92.58500000000001
GOOG,2023-01-17 09:17:15.710105+00:00,T,92.62,1.0,P,92.56,1.0,['R'],C,92.59
GOOG,2023-01-17 09:17:15.710138+00:00,T,92.62,2.0,P,92.56,1.0,['R'],C,92.59
GOOG,2023-01-17 09:17:15.715721+00:00,T,92.62,2.0,T,92.49,2.0,['R'],C,92.555
GOOG,2023-01-17 09:17:15.756289+00:00,T,92.62,2.0,P,92.56,1.0,['R'],C,92.59
GOOG,2023-01-17 09:17:15.781991+00:00,T,92.62,2.0,T,92.49,2.0,['R'],C,92.555
GOOG,2023-01-17 09:17:15.793665+00:00,T,92.62,2.0,P,92.51,1.0,['R'],C,92.565
GOOG,2023-01-17 09:17:15.798185+00:00,T,92.62,2.0,T,92.49,2.0,['R'],C,92.555
GOOG,2023-01-17 09:17:15.810361+00:00,T,92.62,2.0,T,92.5,2.0,['R'],C,92.56
GOOG,2023-01-17 09:17:17.501220+00:00,T,92.62,2.0,T,92.5,3.0,['R'],C,92.56
GOOG,2023-01-17 09:17:18.714733+00:00,T,92.62,2.0,T,92.5,1.0,['R'],C,92.56
GOOG,2023-01-17 09:17:18.817798+00:00,T,92.62,2.0,T,92.5,3.0,['R'],C,92.56
GOOG,2023-01-17 09:17:18.921363+00:00,T,92.62,2.0,T,92.51,2.0,['R'],C,92.565
GOOG,2023-01-17 09:17:27.183245+00:00,T,92.62,2.0,T,92.51,3.0,['R'],C,92.565
GOOG,2023-01-17 09:17:27.791499+00:00,T,92.62,2.0,T,92.51,1.0,['R'],C,92.565
GOOG,2023-01-17 09:17:27.792237+00:00,T,92.62,2.0,T,92.49,2.0,['R'],C,92.555
GOOG,2023-01-17 09:17:27.893192+00:00,T,92.62,2.0,T,92.5,2.0,['R'],C,92.56
GOOG,2023-01-17 09:17:29.901228+00:00,T,92.62,2.0,T,92.49,2.0,['R'],C,92.555
GOOG,2023-01-17 09:17:30.003200+00:00,T,92.62,2.0,T,92.5,2.0,['R'],C,92.56
GOOG,2023-01-17 09:17:38.964705+00:00,T,92.62,2.0,T,92.5,3.0,['R'],C,92.56
GOOG,2023-01-17 09:17:41.498226+00:00,T,92.62,2.0,T,92.5,2.0,['R'],C,92.56
GOOG,2023-01-17 09:17:41.601519+00:00,T,92.62,2.0,T,92.51,2.0,['R'],C,92.565
GOOG,2023-01-17 09:17:41.699985+00:00,T,92.62,2.0,T,92.5,2.0,['R'],C,92.56
GOOG,2023-01-17 09:17:41.805630+00:00,T,92.62,2.0,T,92.51,2.0,['R'],C,92.565
GOOG,2023-01-17 09:17:41.902992+00:00,T,92.62,2.0,T,92.5,2.0,['R'],C,92.56
GOOG,2023-01-17 09:18:00.070173+00:00,T,92.62,2.0,P,92.5,2.0,['R'],C,92.56
GOOG,2023-01-17 09:18:16.945982+00:00,T,92.62,2.0,P,92.5,1.0,['R'],C,92.56
GOOG,2023-01-17 09:18:16.946608+00:00,T,92.62,2.0,T,92.42,2.0,['R'],C,92.52000000000001
GOOG,2023-01-17 09:18:52.301397+00:00,T,92.62,2.0,K,92.5,1.0,['R'],C,92.56
GOOG,2023-01-17 09:18:55.389983+00:00,T,92.62,2.0,P,92.5,2.0,['R'],C,92.56
GOOG,2023-01-17 09:18:57.904984+00:00,P,92.61,1.0,P,92.5,2.0,['R'],C,92.555
GOOG,2023-01-17 09:19:00.994287+00:00,P,92.61,1.0,K,92.5,1.0,['R'],C,92.555
GOOG,2023-01-17 09:19:00.994572+00:00,P,92.61,1.0,P,92.5,1.0,['R'],C,92.555
GOOG,2023-01-17 09:19:07.843888+00:00,T,92.62,2.0,P,92.5,1.0,['R'],C,92.56
GOOG,2023-01-17 09:19:09.479278+00:00,T,92.62,2.0,T,92.49,3.0,['R'],C,92.555
GOOG,2023-01-17 09:19:19.524824+00:00,T,92.62,2.0,P,92.5,1.0,['R'],C,92.56
GOOG,2023-01-17 09:19:32.880492+00:00,T,92.62,2.0,T,92.49,3.0,['R'],C,92.555
GOOG,2023-01-17 09:19:42.964095+00:00,T,92.62,2.0,P,92.5,1.0,['R'],C,92.56
GOOG,2023-01-17 09:19:51.573546+00:00,T,92.62,2.0,T,92.49,3.0,['R'],C,92.555
GOOG,2023-01-17 09:20:05.099497+00:00,T,92.62,2.0,P,92.5,1.0,['R'],C,92.56
GOOG,2023-01-17 09:20:14.056720+00:00,T,92.62,2.0,K,92.47,1.0,['R'],C,92.545
GOOG,2023-01-17 09:20:14.059793+00:00,T,92.62,2.0,P,92.51,1.0,['R'],C,92.565
GOOG,2023-01-17 09:20:14.091703+00:00,T,92.62,2.0,K,92.47,1.0,['R'],C,92.545
GOOG,2023-01-17 09:20:14.124138+00:00,T,92.62,2.0,P,92.5,1.0,['R'],C,92.56
GOOG,2023-01-17 09:20:15.688083+00:00,T,92.62,2.0,K,92.47,1.0,['R'],C,92.545
GOOG,2023-01-17 09:20:15.690481+00:00,T,92.62,2.0,P,92.48,1.0,['R'],C,92.55000000000001
GOOG,2023-01-17 09:20:25.689910+00:00,T,92.62,2.0,K,92.47,1.0,['R'],C,92.545
GOOG,2023-01-17 09:20:25.731474+00:00,T,92.62,2.0,P,92.5,1.0,['R'],C,92.56
GOOG,2023-01-17 09:20:27.224348+00:00,T,92.62,2.0,K,92.47,1.0,['R'],C,92.545
GOOG,2023-01-17 09:20:27.236853+00:00,T,92.62,2.0,P,92.5,1.0,['R'],C,92.56
GOOG,2023-01-17 09:20:30.335494+00:00,T,92.62,2.0,K,92.47,1.0,['R'],C,92.545
GOOG,2023-01-17 09:20:30.377064+00:00,T,92.62,2.0,P,92.48,1.0,['R'],C,92.55000000000001
GOOG,2023-01-17 09:20:45.537123+00:00,P,92.61,1.0,P,92.48,1.0,['R'],C,92.545
GOOG,2023-01-17 09:21:00.297542+00:00,P,92.61,1.0,K,92.47,1.0,['R'],C,92.53999999999999
GOOG,2023-01-17 09:21:00.330046+00:00,P,92.61,1.0,P,92.46,1.0,['R'],C,92.535
GOOG,2023-01-17 09:21:00.331789+00:00,P,92.61,1.0,P,92.5,1.0,['R'],C,92.555
GOOG,2023-01-17 09:21:00.941461+00:00,P,92.61,1.0,K,92.46,1.0,['R'],C,92.535
GOOG,2023-01-17 09:21:00.983537+00:00,P,92.61,1.0,P,92.48,1.0,['R'],C,92.545
GOOG,2023-01-17 09:21:02.694337+00:00,T,92.62,2.0,P,92.48,1.0,['R'],C,92.55000000000001
GOOG,2023-01-17 09:21:07.724426+00:00,T,92.62,2.0,P,92.45,1.0,['R'],C,92.535
GOOG,2023-01-17 09:21:07.726577+00:00,T,92.62,2.0,P,92.46,1.0,['R'],C,92.53999999999999
GOOG,2023-01-17 09:21:12.883732+00:00,P,92.59,1.0,P,92.46,1.0,['R'],C,92.525
GOOG,2023-01-17 09:21:13.991946+00:00,P,92.59,1.0,T,92.41,1.0,['R'],C,92.5
GOOG,2023-01-17 09:21:14.002721+00:00,P,92.59,1.0,P,92.47,1.0,['R'],C,92.53
GOOG,2023-01-17 09:21:14.042689+00:00,P,92.59,1.0,T,92.41,1.0,['R'],C,92.5
GOOG,2023-01-17 09:21:14.084038+00:00,P,92.59,1.0,P,92.43,1.0,['R'],C,92.51
GOOG,2023-01-17 09:21:18.794127+00:00,T,92.62,2.0,P,92.43,1.0,['R'],C,92.525
GOOG,2023-01-17 09:21:18.835215+00:00,P,92.61,1.0,P,92.43,1.0,['R'],C,92.52000000000001
GOOG,2023-01-17 09:21:24.285155+00:00,P,92.61,1.0,T,92.41,3.0,['R'],C,92.50999999999999
GOOG,2023-01-17 09:21:24.288765+00:00,P,92.61,1.0,P,92.47,1.0,['R'],C,92.53999999999999
GOOG,2023-01-17 09:21:26.010925+00:00,P,92.61,1.0,T,92.41,3.0,['R'],C,92.50999999999999
GOOG,2023-01-17 09:21:26.014955+00:00,P,92.61,1.0,P,92.43,1.0,['R'],C,92.52000000000001
GOOG,2023-01-17 09:21:26.627099+00:00,T,92.62,2.0,P,92.43,1.0,['R'],C,92.525
GOOG,2023-01-17 09:21:26.629890+00:00,P,92.6,1.0,P,92.43,1.0,['R'],C,92.515
GOOG,2023-01-17 09:21:31.629861+00:00,T,92.62,2.0,P,92.43,1.0,['R'],C,92.525
GOOG,2023-01-17 09:21:31.670844+00:00,P,92.57,1.0,P,92.43,1.0,['R'],C,92.5
GOOG,2023-01-17 09:21:32.729181+00:00,P,92.57,1.0,T,92.41,1.0,['R'],C,92.49
GOOG,2023-01-17 09:21:32.731909+00:00,P,92.57,1.0,P,92.48,1.0,['R'],C,92.525
GOOG,2023-01-17 09:21:36.080334+00:00,T,92.62,2.0,P,92.48,1.0,['R'],C,92.55000000000001
GOOG,2023-01-17 09:21:36.102880+00:00,P,92.59,1.0,P,92.48,1.0,['R'],C,92.535
GOOG,2023-01-17 09:21:50.029796+00:00,T,92.62,2.0,P,92.48,1.0,['R'],C,92.55000000000001
GOOG,2023-01-17 09:21:50.032577+00:00,P,92.57,1.0,P,92.48,1.0,['R'],C,92.525
GOOG,2023-01-17 09:22:02.413520+00:00,T,92.62,2.0,P,92.48,1.0,['R'],C,92.55000000000001
GOOG,2023-01-17 09:22:02.419639+00:00,P,92.58,1.0,P,92.48,1.0,['R'],C,92.53
GOOG,2023-01-17 09:22:06.858292+00:00,P,92.58,1.0,T,92.41,1.0,['R'],C,92.495
GOOG,2023-01-17 09:22:06.900473+00:00,P,92.58,1.0,P,92.47,1.0,['R'],C,92.525
GOOG,2023-01-17 09:22:06.934040+00:00,P,92.58,1.0,T,92.41,1.0,['R'],C,92.495
GOOG,2023-01-17 09:22:06.975963+00:00,P,92.58,1.0,P,92.43,1.0,['R'],C,92.505
GOOG,2023-01-17 09:22:07.085363+00:00,T,92.57,2.0,P,92.43,1.0,['R'],C,92.5
GOOG,2023-01-17 09:22:09.437905+00:00,P,92.57,1.0,P,92.43,1.0,['R'],C,92.5
GOOG,2023-01-17 09:22:12.424616+00:00,T,92.62,2.0,P,92.43,1.0,['R'],C,92.525
GOOG,2023-01-17 09:22:12.427386+00:00,P,92.56,1.0,P,92.43,1.0,['R'],C,92.495
GOOG,2023-01-17 09:22:20.944738+00:00,P,92.56,1.0,T,92.41,1.0,['R'],C,92.485
GOOG,2023-01-17 09:22:20.985943+00:00,P,92.56,1.0,P,92.42,1.0,['R'],C,92.49000000000001
GOOG,2023-01-17 09:22:21.019125+00:00,T,92.58,1.0,P,92.42,1.0,['R'],C,92.5
GOOG,2023-01-17 09:22:21.021334+00:00,P,92.55,1.0,P,92.42,1.0,['R'],C,92.485
GOOG,2023-01-17 09:22:21.069814+00:00,P,92.55,1.0,T,92.41,1.0,['R'],C,92.47999999999999
GOOG,2023-01-17 09:22:21.113887+00:00,P,92.55,1.0,P,92.41,1.0,['R'],C,92.47999999999999
GOOG,2023-01-17 09:22:23.723105+00:00,P,92.55,1.0,T,92.41,1.0,['R'],C,92.47999999999999
GOOG,2023-01-17 09:22:24.147498+00:00,P,92.55,1.0,P,92.41,1.0,['R'],C,92.47999999999999
GOOG,2023-01-17 09:22:27.663483+00:00,T,92.62,2.0,T,92.41,1.0,['R'],C,92.515
GOOG,2023-01-17 09:22:27.667101+00:00,P,92.54,1.0,T,92.41,1.0,['R'],C,92.475
GOOG,2023-01-17 09:22:27.715924+00:00,P,92.54,1.0,P,92.41,1.0,['R'],C,92.475
GOOG,2023-01-17 09:22:31.836008+00:00,P,92.54,1.0,T,92.41,1.0,['R'],C,92.475
GOOG,2023-01-17 09:22:44.787613+00:00,T,92.57,2.0,T,92.41,1.0,['R'],C,92.49
GOOG,2023-01-17 09:22:44.790206+00:00,P,92.53,1.0,T,92.41,1.0,['R'],C,92.47
GOOG,2023-01-17 09:23:02.063750+00:00,P,92.53,1.0,P,92.4,1.0,['R'],C,92.465
GOOG,2023-01-17 09:23:02.063798+00:00,T,92.51,1.0,P,92.4,1.0,['R'],C,92.45500000000001
GOOG,2023-01-17 09:23:02.063801+00:00,T,92.51,2.0,P,92.4,1.0,['R'],C,92.45500000000001
GOOG,2023-01-17 09:23:02.063814+00:00,T,92.51,3.0,P,92.4,1.0,['R'],C,92.45500000000001
GOOG,2023-01-17 09:23:02.063820+00:00,T,92.51,2.0,P,92.4,1.0,['R'],C,92.45500000000001
GOOG,2023-01-17 09:23:02.063860+00:00,T,92.51,1.0,P,92.4,1.0,['R'],C,92.45500000000001
GOOG,2023-01-17 09:23:02.064208+00:00,T,92.5,1.0,P,92.4,1.0,['R'],C,92.45
GOOG,2023-01-17 09:23:02.064238+00:00,T,92.51,1.0,P,92.4,1.0,['R'],C,92.45500000000001
GOOG,2023-01-17 09:23:02.064376+00:00,K,92.51,2.0,P,92.4,1.0,['R'],C,92.45500000000001
GOOG,2023-01-17 09:23:02.064384+00:00,T,92.51,1.0,P,92.4,1.0,['R'],C,92.45500000000001
GOOG,2023-01-17 09:23:02.083843+00:00,P,92.53,1.0,P,92.4,1.0,['R'],C,92.465
GOOG,2023-01-17 09:23:02.164423+00:00,T,92.51,2.0,P,92.4,1.0,['R'],C,92.45500000000001
GOOG,2023-01-17 09:23:02.289873+00:00,P,92.53,1.0,P,92.4,1.0,['R'],C,92.465
GOOG,2023-01-17 09:23:12.647473+00:00,P,92.53,1.0,P,92.35,2.0,['R'],C,92.44
GOOG,2023-01-17 09:23:12.647723+00:00,P,92.53,1.0,P,92.35,1.0,['R'],C,92.44
GOOG,2023-01-17 09:23:12.664556+00:00,P,92.53,1.0,P,92.39,1.0,['R'],C,92.46000000000001
GOOG,2023-01-17 09:23:20.541566+00:00,T,92.57,2.0,P,92.39,1.0,['R'],C,92.47999999999999
GOOG,2023-01-17 09:23:20.583536+00:00,P,92.51,1.0,P,92.39,1.0,['R'],C,92.45
GOOG,2023-01-17 09:23:21.252559+00:00,P,92.51,1.0,K,92.35,1.0,['R'],C,92.43
GOOG,2023-01-17 09:23:21.254121+00:00,T,92.57,2.0,K,92.35,1.0,['R'],C,92.46
GOOG,2023-01-17 09:23:21.256339+00:00,T,92.57,2.0,P,92.34,1.0,['R'],C,92.455
GOOG,2023-01-17 09:23:21.256509+00:00,T,92.57,2.0,T,92.36,1.0,['R'],C,92.465
GOOG,2023-01-17 09:23:21.257151+00:00,T,92.57,2.0,P,92.41,1.0,['R'],C,92.49
GOOG,2023-01-17 09:23:21.258313+00:00,P,92.51,1.0,P,92.41,1.0,['R'],C,92.46000000000001
GOOG,2023-01-17 09:23:21.503558+00:00,T,92.57,2.0,P,92.41,1.0,['R'],C,92.49
GOOG,2023-01-17 09:23:21.507686+00:00,P,92.51,1.0,P,92.41,1.0,['R'],C,92.46000000000001
GOOG,2023-01-17 09:23:21.784753+00:00,P,92.51,1.0,P,92.35,2.0,['R'],C,92.43
GOOG,2023-01-17 09:23:21.784810+00:00,P,92.51,1.0,P,92.35,1.0,['R'],C,92.43
GOOG,2023-01-17 09:23:21.826098+00:00,P,92.51,1.0,P,92.39,1.0,['R'],C,92.45
GOOG,2023-01-17 09:23:22.484595+00:00,P,92.51,1.0,P,92.34,1.0,['R'],C,92.42500000000001
GOOG,2023-01-17 09:23:22.487381+00:00,P,92.51,1.0,P,92.38,1.0,['R'],C,92.445
GOOG,2023-01-17 09:23:26.478441+00:00,T,92.51,2.0,P,92.38,1.0,['R'],C,92.445
GOOG,2023-01-17 09:23:26.552983+00:00,P,92.5,1.0,P,92.38,1.0,['R'],C,92.44
GOOG,2023-01-17 09:23:31.553490+00:00,T,92.51,2.0,P,92.38,1.0,['R'],C,92.445
GOOG,2023-01-17 09:23:31.595185+00:00,P,92.49,1.0,P,92.38,1.0,['R'],C,92.435
GOOG,2023-01-17 09:23:32.487839+00:00,P,92.49,1.0,T,92.37,2.0,['R'],C,92.43
GOOG,2023-01-17 09:23:32.490602+00:00,P,92.49,1.0,P,92.39,1.0,['R'],C,92.44
GOOG,2023-01-17 09:23:34.741529+00:00,T,92.51,2.0,P,92.39,1.0,['R'],C,92.45
GOOG,2023-01-17 09:23:34.782866+00:00,P,92.5,1.0,P,92.39,1.0,['R'],C,92.445
GOOG,2023-01-17 09:23:40.233669+00:00,T,92.51,2.0,P,92.39,1.0,['R'],C,92.45
GOOG,2023-01-17 09:23:40.275107+00:00,P,92.48,1.0,P,92.39,1.0,['R'],C,92.435
GOOG,2023-01-17 09:23:43.963087+00:00,P,92.48,1.0,T,92.37,2.0,['R'],C,92.42500000000001
GOOG,2023-01-17 09:23:43.965984+00:00,P,92.48,1.0,P,92.4,1.0,['R'],C,92.44
GOOG,2023-01-17 09:23:44.160437+00:00,P,92.48,1.0,T,92.37,2.0,['R'],C,92.42500000000001
GOOG,2023-01-17 09:23:44.163193+00:00,P,92.48,1.0,P,92.39,1.0,['R'],C,92.435
GOOG,2023-01-17 09:23:45.974771+00:00,T,92.51,2.0,P,92.39,1.0,['R'],C,92.45
GOOG,2023-01-17 09:23:45.981461+00:00,P,92.47,1.0,P,92.39,1.0,['R'],C,92.43
GOOG,2023-01-17 09:23:45.991511+00:00,T,92.51,2.0,P,92.39,1.0,['R'],C,92.45
GOOG,2023-01-17 09:23:46.033122+00:00,P,92.48,1.0,P,92.39,1.0,['R'],C,92.435
GOOG,2023-01-17 09:23:49.205981+00:00,P,92.48,1.0,T,92.37,2.0,['R'],C,92.42500000000001
GOOG,2023-01-17 09:23:51.032916+00:00,T,92.51,2.0,T,92.37,2.0,['R'],C,92.44
GOOG,2023-01-17 09:23:51.037543+00:00,P,92.47,1.0,T,92.37,2.0,['R'],C,92.42
GOOG,2023-01-17 09:23:57.115036+00:00,T,92.51,2.0,T,92.37,2.0,['R'],C,92.44
GOOG,2023-01-17 09:23:57.119880+00:00,P,92.46,1.0,T,92.37,2.0,['R'],C,92.41499999999999
GOOG,2023-01-17 09:24:06.226296+00:00,P,92.46,1.0,P,92.36,1.0,['R'],C,92.41
GOOG,2023-01-17 09:24:06.227827+00:00,P,92.46,1.0,T,92.41,2.0,['R'],C,92.435
GOOG,2023-01-17 09:24:06.769952+00:00,T,92.51,2.0,T,92.41,2.0,['R'],C,92.46000000000001
GOOG,2023-01-17 09:24:06.898764+00:00,P,92.56,1.0,T,92.41,2.0,['R'],C,92.485
GOOG,2023-01-17 09:24:07.007583+00:00,T,92.5,2.0,T,92.41,2.0,['R'],C,92.455
GOOG,2023-01-17 09:24:24.046188+00:00,P,92.5,1.0,T,92.41,2.0,['R'],C,92.455
GOOG,2023-01-17 09:24:43.009595+00:00,T,92.51,2.0,T,92.41,2.0,['R'],C,92.46000000000001
GOOG,2023-01-17 09:25:02.101646+00:00,P,92.5,1.0,T,92.41,2.0,['R'],C,92.455
GOOG,2023-01-17 09:25:26.383917+00:00,P,92.56,1.0,T,92.41,2.0,['R'],C,92.485
GOOG,2023-01-17 09:25:26.386716+00:00,P,92.51,1.0,T,92.41,2.0,['R'],C,92.46000000000001
GOOG,2023-01-17 09:25:52.429575+00:00,T,92.57,2.0,T,92.41,2.0,['R'],C,92.49
GOOG,2023-01-17 09:25:57.436390+00:00,P,92.54,1.0,T,92.41,2.0,['R'],C,92.475
GOOG,2023-01-17 09:26:02.436784+00:00,T,92.57,2.0,T,92.41,2.0,['R'],C,92.49
GOOG,2023-01-17 09:26:02.440916+00:00,P,92.51,1.0,T,92.41,2.0,['R'],C,92.46000000000001
GOOG,2023-01-17 09:26:09.115130+00:00,T,92.52,1.0,T,92.41,2.0,['R'],C,92.465
GOOG,2023-01-17 09:26:09.118022+00:00,P,92.48,1.0,T,92.41,2.0,['R'],C,92.445
GOOG,2023-01-17 09:26:14.118091+00:00,T,92.51,2.0,T,92.41,2.0,['R'],C,92.46000000000001
GOOG,2023-01-17 09:26:14.121124+00:00,P,92.47,1.0,T,92.41,2.0,['R'],C,92.44
GOOG,2023-01-17 09:26:21.181191+00:00,P,92.47,1.0,T,92.41,1.0,['R'],C,92.44
GOOG,2023-01-17 09:26:21.181296+00:00,P,92.47,1.0,P,92.39,1.0,['R'],C,92.43
GOOG,2023-01-17 09:26:21.181317+00:00,T,92.46,1.0,P,92.39,1.0,['R'],C,92.425
GOOG,2023-01-17 09:26:21.181319+00:00,T,92.46,2.0,P,92.39,1.0,['R'],C,92.425
GOOG,2023-01-17 09:26:21.181323+00:00,T,92.46,3.0,P,92.39,1.0,['R'],C,92.425
GOOG,2023-01-17 09:26:21.181323+00:00,T,92.46,4.0,P,92.39,1.0,['R'],C,92.425
GOOG,2023-01-17 09:26:21.181328+00:00,T,92.45,1.0,P,92.39,1.0,['R'],C,92.42
GOOG,2023-01-17 09:26:21.186709+00:00,T,92.46,1.0,P,92.39,1.0,['R'],C,92.425
GOOG,2023-01-17 09:26:21.201393+00:00,P,92.47,1.0,P,92.39,1.0,['R'],C,92.43
GOOG,2023-01-17 09:26:21.289851+00:00,T,92.44,2.0,P,92.39,1.0,['R'],C,92.41499999999999
GOOG,2023-01-17 09:26:21.496227+00:00,P,92.46,1.0,P,92.39,1.0,['R'],C,92.425
GOOG,2023-01-17 09:26:21.597771+00:00,T,92.43,1.0,P,92.39,1.0,['R'],C,92.41
GOOG,2023-01-17 09:26:21.801587+00:00,P,92.46,1.0,P,92.39,1.0,['R'],C,92.425
GOOG,2023-01-17 09:26:22.478846+00:00,P,92.46,1.0,P,92.27,2.0,['R'],C,92.365
GOOG,2023-01-17 09:26:22.481414+00:00,P,92.46,1.0,P,92.38,1.0,['R'],C,92.41999999999999
GOOG,2023-01-17 09:26:22.842625+00:00,P,92.46,1.0,P,92.27,2.0,['R'],C,92.365
GOOG,2023-01-17 09:26:22.845112+00:00,P,92.46,1.0,P,92.37,1.0,['R'],C,92.41499999999999
GOOG,2023-01-17 09:26:29.952035+00:00,T,92.51,2.0,P,92.37,1.0,['R'],C,92.44
GOOG,2023-01-17 09:26:29.954475+00:00,P,92.45,1.0,P,92.37,1.0,['R'],C,92.41
GOOG,2023-01-17 09:26:33.953982+00:00,P,92.45,1.0,T,92.28,1.0,['R'],C,92.36500000000001
GOOG,2023-01-17 09:26:33.956421+00:00,P,92.45,1.0,P,92.38,1.0,['R'],C,92.41499999999999
GOOG,2023-01-17 09:26:36.188440+00:00,T,92.51,2.0,P,92.38,1.0,['R'],C,92.445
GOOG,2023-01-17 09:26:36.191368+00:00,P,92.46,1.0,P,92.38,1.0,['R'],C,92.41999999999999
GOOG,2023-01-17 09:26:39.850699+00:00,P,92.46,1.0,T,92.28,3.0,['R'],C,92.37
GOOG,2023-01-17 09:26:39.891174+00:00,P,92.46,1.0,P,92.38,1.0,['R'],C,92.41999999999999
GOOG,2023-01-17 09:26:39.940252+00:00,P,92.46,1.0,T,92.28,3.0,['R'],C,92.37
GOOG,2023-01-17 09:26:39.981823+00:00,P,92.46,1.0,P,92.37,1.0,['R'],C,92.41499999999999
GOOG,2023-01-17 09:26:43.731831+00:00,T,92.51,2.0,P,92.37,1.0,['R'],C,92.44
GOOG,2023-01-17 09:26:43.734632+00:00,P,92.47,1.0,P,92.37,1.0,['R'],C,92.42
GOOG,2023-01-17 09:26:45.206019+00:00,P,92.47,1.0,T,92.4,20.0,['R'],C,92.435
GOOG,2023-01-17 09:26:52.239047+00:00,T,92.51,2.0,T,92.4,20.0,['R'],C,92.45500000000001
GOOG,2023-01-17 09:26:52.242082+00:00,P,92.46,1.0,T,92.4,20.0,['R'],C,92.43
GOOG,2023-01-17 09:26:55.154714+00:00,T,92.51,2.0,T,92.4,20.0,['R'],C,92.45500000000001
GOOG,2023-01-17 09:26:55.364844+00:00,P,92.57,1.0,T,92.4,20.0,['R'],C,92.485
GOOG,2023-01-17 09:26:55.364858+00:00,T,92.57,2.0,T,92.4,20.0,['R'],C,92.485
GOOG,2023-01-17 09:26:57.816568+00:00,T,92.52,1.0,T,92.4,20.0,['R'],C,92.46000000000001
GOOG,2023-01-17 09:26:57.916892+00:00,T,92.51,2.0,T,92.4,20.0,['R'],C,92.45500000000001
GOOG,2023-01-17 09:27:00.236077+00:00,P,92.5,1.0,T,92.4,20.0,['R'],C,92.45
GOOG,2023-01-17 09:27:22.097832+00:00,T,92.51,2.0,T,92.4,20.0,['R'],C,92.45500000000001
GOOG,2023-01-17 09:27:22.106040+00:00,P,92.49,1.0,T,92.4,20.0,['R'],C,92.445
GOOG,2023-01-17 09:27:22.259618+00:00,T,92.51,2.0,T,92.4,20.0,['R'],C,92.45500000000001
GOOG,2023-01-17 09:27:22.298642+00:00,T,92.58,1.0,T,92.4,20.0,['R'],C,92.49000000000001
GOOG,2023-01-17 09:27:22.298655+00:00,T,92.57,2.0,T,92.4,20.0,['R'],C,92.485
GOOG,2023-01-17 09:27:22.300306+00:00,P,92.55,1.0,T,92.4,20.0,['R'],C,92.475
GOOG,2023-01-17 09:27:34.511563+00:00,T,92.57,2.0,T,92.4,20.0,['R'],C,92.485
GOOG,2023-01-17 09:27:34.513705+00:00,P,92.54,1.0,T,92.4,20.0,['R'],C,92.47
GOOG,2023-01-17 09:27:38.986893+00:00,T,92.54,2.0,T,92.4,20.0,['R'],C,92.47
GOOG,2023-01-17 09:27:39.095587+00:00,T,92.54,4.0,T,92.4,20.0,['R'],C,92.47
GOOG,2023-01-17 09:27:40.767150+00:00,P,92.53,1.0,T,92.4,20.0,['R'],C,92.465
GOOG,2023-01-17 09:27:47.393085+00:00,T,92.54,4.0,T,92.4,20.0,['R'],C,92.47
GOOG,2023-01-17 09:27:47.395838+00:00,P,92.52,1.0,T,92.4,20.0,['R'],C,92.46000000000001
GOOG,2023-01-17 09:27:54.218417+00:00,T,92.54,3.0,T,92.4,20.0,['R'],C,92.47
GOOG,2023-01-17 09:27:57.220906+00:00,T,92.54,2.0,T,92.4,20.0,['R'],C,92.47
GOOG,2023-01-17 09:28:15.858445+00:00,P,92.53,1.0,T,92.4,20.0,['R'],C,92.465
GOOG,2023-01-17 09:28:45.634688+00:00,T,92.54,4.0,T,92.4,20.0,['R'],C,92.47
GOOG,2023-01-17 09:28:45.636929+00:00,P,92.52,1.0,T,92.4,20.0,['R'],C,92.46000000000001
GOOG,2023-01-17 09:29:33.156228+00:00,T,92.54,4.0,T,92.4,20.0,['R'],C,92.47
GOOG,2023-01-17 09:29:33.197761+00:00,P,92.51,1.0,T,92.4,20.0,['R'],C,92.45500000000001
GOOG,2023-01-17 09:29:33.397852+00:00,T,92.51,2.0,T,92.4,20.0,['R'],C,92.45500000000001
GOOG,2023-01-17 09:29:34.888289+00:00,P,92.51,1.0,T,92.4,20.0,['R'],C,92.45500000000001
GOOG,2023-01-17 09:29:35.406253+00:00,T,92.51,2.0,T,92.4,20.0,['R'],C,92.45500000000001
GOOG,2023-01-17 09:29:38.232896+00:00,P,92.48,1.0,T,92.4,20.0,['R'],C,92.44
GOOG,2023-01-17 09:29:48.346638+00:00,T,92.51,2.0,T,92.4,20.0,['R'],C,92.45500000000001
GOOG,2023-01-17 09:29:48.386905+00:00,P,92.47,1.0,T,92.4,20.0,['R'],C,92.435
GOOG,2023-01-17 09:30:21.320559+00:00,T,92.46,1.0,T,92.4,20.0,['R'],C,92.43
GOOG,2023-01-17 09:30:21.320621+00:00,P,92.47,1.0,T,92.4,20.0,['R'],C,92.435
GOOG,2023-01-17 09:30:21.451030+00:00,P,92.47,1.0,T,92.42,1.0,['R'],C,92.445
GOOG,2023-01-17 09:30:21.451032+00:00,P,92.47,1.0,T,92.42,2.0,['R'],C,92.445
GOOG,2023-01-17 09:30:21.451035+00:00,P,92.47,1.0,T,92.42,3.0,['R'],C,92.445
GOOG,2023-01-17 09:30:21.451053+00:00,P,92.47,1.0,T,92.42,2.0,['R'],C,92.445
GOOG,2023-01-17 09:30:21.451086+00:00,P,92.47,1.0,T,92.42,1.0,['R'],C,92.445
GOOG,2023-01-17 09:30:21.451438+00:00,P,92.47,1.0,K,92.42,2.0,['R'],C,92.445
GOOG,2023-01-17 09:30:21.451503+00:00,P,92.47,1.0,T,92.42,1.0,['R'],C,92.445
GOOG,2023-01-17 09:30:21.471088+00:00,P,92.47,1.0,T,92.4,20.0,['R'],C,92.435
GOOG,2023-01-17 09:30:21.524970+00:00,T,92.53,2.0,T,92.4,20.0,['R'],C,92.465
GOOG,2023-01-17 09:30:22.101379+00:00,T,92.53,6.0,T,92.4,20.0,['R'],C,92.465
GOOG,2023-01-17 09:30:22.280005+00:00,T,92.52,1.0,T,92.4,20.0,['R'],C,92.46000000000001
GOOG,2023-01-17 09:30:22.385275+00:00,T,92.51,2.0,T,92.4,20.0,['R'],C,92.45500000000001
GOOG,2023-01-17 09:30:22.549764+00:00,T,92.51,6.0,T,92.4,20.0,['R'],C,92.45500000000001
GOOG,2023-01-17 09:30:26.607037+00:00,P,92.48,1.0,T,92.4,20.0,['R'],C,92.44
GOOG,2023-01-17 09:30:26.760563+00:00,T,92.41,3.0,T,92.4,20.0,['R'],C,92.405
GOOG,2023-01-17 09:30:26.760621+00:00,T,92.41,2.0,T,92.4,20.0,['R'],C,92.405
GOOG,2023-01-17 09:30:26.760983+00:00,P,92.48,1.0,T,92.4,20.0,['R'],C,92.44
GOOG,2023-01-17 09:30:35.633093+00:00,T,92.41,1.0,T,92.4,20.0,['R'],C,92.405
GOOG,2023-01-17 09:30:35.633320+00:00,P,92.48,1.0,T,92.4,20.0,['R'],C,92.44
GOOG,2023-01-17 09:30:35.735789+00:00,T,92.44,1.0,T,92.4,20.0,['R'],C,92.42
GOOG,2023-01-17 09:30:35.751026+00:00,P,92.48,1.0,T,92.4,20.0,['R'],C,92.44
GOOG,2023-01-17 09:30:36.453263+00:00,T,92.47,2.0,T,92.4,20.0,['R'],C,92.435
GOOG,2023-01-17 09:30:36.561303+00:00,T,92.47,3.0,T,92.4,20.0,['R'],C,92.435
GOOG,2023-01-17 09:31:02.669460+00:00,T,92.47,4.0,T,92.4,20.0,['R'],C,92.435
GOOG,2023-01-17 09:31:02.794823+00:00,T,92.47,4.0,T,92.41,1.0,['R'],C,92.44
GOOG,2023-01-17 09:31:02.794863+00:00,T,92.47,4.0,T,92.4,20.0,['R'],C,92.435
GOOG,2023-01-17 09:31:14.649674+00:00,T,92.47,2.0,T,92.4,20.0,['R'],C,92.435
GOOG,2023-01-17 09:31:54.205491+00:00,T,92.47,3.0,T,92.4,20.0,['R'],C,92.435
GOOG,2023-01-17 09:31:54.212767+00:00,T,92.47,4.0,T,92.4,20.0,['R'],C,92.435
GOOG,2023-01-17 09:31:54.214037+00:00,T,92.47,5.0,T,92.4,20.0,['R'],C,92.435
GOOG,2023-01-17 09:31:54.215365+00:00,T,92.47,6.0,T,92.4,20.0,['R'],C,92.435
GOOG,2023-01-17 09:31:54.220747+00:00,T,92.47,7.0,T,92.4,20.0,['R'],C,92.435
GOOG,2023-01-17 09:31:54.222065+00:00,T,92.47,8.0,T,92.4,20.0,['R'],C,92.435
GOOG,2023-01-17 09:31:54.228778+00:00,T,92.47,9.0,T,92.4,20.0,['R'],C,92.435
GOOG,2023-01-17 09:31:54.358380+00:00,T,92.47,8.0,T,92.4,20.0,['R'],C,92.435
GOOG,2023-01-17 09:31:54.358383+00:00,T,92.47,7.0,T,92.4,20.0,['R'],C,92.435
GOOG,2023-01-17 09:31:54.358384+00:00,T,92.47,6.0,T,92.4,20.0,['R'],C,92.435
GOOG,2023-01-17 09:32:02.195258+00:00,T,92.47,7.0,T,92.4,20.0,['R'],C,92.435
GOOG,2023-01-17 09:32:02.319940+00:00,T,92.47,6.0,T,92.4,20.0,['R'],C,92.435
GOOG,2023-01-17 09:32:27.681541+00:00,T,92.47,6.0,T,92.4,19.0,['R'],C,92.435
GOOG,2023-01-17 09:33:11.108012+00:00,T,92.47,5.0,T,92.4,19.0,['R'],C,92.435
GOOG,2023-01-17 09:33:11.115851+00:00,T,92.47,4.0,T,92.4,19.0,['R'],C,92.435
GOOG,2023-01-17 09:33:11.115981+00:00,T,92.47,3.0,T,92.4,19.0,['R'],C,92.435
GOOG,2023-01-17 09:33:11.116083+00:00,T,92.47,2.0,T,92.4,19.0,['R'],C,92.435
GOOG,2023-01-17 09:33:11.116199+00:00,T,92.47,1.0,T,92.4,19.0,['R'],C,92.435
GOOG,2023-01-17 09:33:11.116421+00:00,T,92.49,1.0,T,92.4,19.0,['R'],C,92.445
GOOG,2023-01-17 09:33:11.324769+00:00,T,92.5,1.0,T,92.4,19.0,['R'],C,92.45
GOOG,2023-01-17 09:33:11.324780+00:00,T,92.54,2.0,T,92.4,19.0,['R'],C,92.47
GOOG,2023-01-17 09:33:11.324794+00:00,T,92.53,2.0,T,92.4,19.0,['R'],C,92.465
GOOG,2023-01-17 09:34:52.179187+00:00,T,92.54,2.0,T,92.4,19.0,['R'],C,92.47
GOOG,2023-01-17 09:34:52.179198+00:00,T,92.54,3.0,T,92.4,19.0,['R'],C,92.47
GOOG,2023-01-17 09:34:52.280715+00:00,T,92.54,4.0,T,92.4,19.0,['R'],C,92.47
GOOG,2023-01-17 09:34:54.213180+00:00,T,92.54,3.0,T,92.4,19.0,['R'],C,92.47
GOOG,2023-01-17 09:34:58.637543+00:00,T,92.54,2.0,T,92.4,19.0,['R'],C,92.47
GOOG,2023-01-17 09:35:37.534054+00:00,T,92.54,2.0,T,92.4,16.0,['R'],C,92.47
GOOG,2023-01-17 09:35:49.466046+00:00,T,92.52,1.0,T,92.4,16.0,['R'],C,92.46000000000001
GOOG,2023-01-17 09:36:04.534901+00:00,T,92.52,1.0,T,92.4,3.0,['R'],C,92.46000000000001
GOOG,2023-01-17 09:36:16.547935+00:00,T,92.51,2.0,T,92.4,3.0,['R'],C,92.45500000000001
GOOG,2023-01-17 09:36:16.942028+00:00,T,92.51,1.0,T,92.4,3.0,['R'],C,92.45500000000001
GOOG,2023-01-17 09:36:19.942070+00:00,T,92.51,2.0,T,92.4,3.0,['R'],C,92.45500000000001
GOOG,2023-01-17 09:36:20.448830+00:00,T,92.51,1.0,T,92.4,3.0,['R'],C,92.45500000000001
GOOG,2023-01-17 09:36:23.442653+00:00,T,92.51,2.0,T,92.4,3.0,['R'],C,92.45500000000001
GOOG,2023-01-17 09:36:23.948437+00:00,T,92.51,1.0,T,92.4,3.0,['R'],C,92.45500000000001
GOOG,2023-01-17 09:36:26.498271+00:00,T,92.52,1.0,T,92.4,3.0,['R'],C,92.46000000000001
GOOG,2023-01-17 09:36:26.607669+00:00,T,92.51,1.0,T,92.4,3.0,['R'],C,92.45500000000001
GOOG,2023-01-17 09:36:26.885732+00:00,T,92.51,2.0,T,92.4,3.0,['R'],C,92.45500000000001
GOOG,2023-01-17 09:36:28.009902+00:00,T,92.5,1.0,T,92.4,3.0,['R'],C,92.45
GOOG,2023-01-17 09:36:28.113452+00:00,T,92.49,1.0,T,92.4,3.0,['R'],C,92.445
GOOG,2023-01-17 09:36:28.607462+00:00,T,92.49,2.0,T,92.4,3.0,['R'],C,92.445
GOOG,2023-01-17 09:36:36.942684+00:00,T,92.49,1.0,T,92.4,3.0,['R'],C,92.445
GOOG,2023-01-17 09:36:36.942977+00:00,T,92.5,1.0,T,92.4,3.0,['R'],C,92.45
GOOG,2023-01-17 09:36:40.043365+00:00,T,92.5,3.0,T,92.4,3.0,['R'],C,92.45
GOOG,2023-01-17 09:36:40.443417+00:00,T,92.5,2.0,T,92.4,3.0,['R'],C,92.45
GOOG,2023-01-17 09:36:40.443686+00:00,T,92.5,1.0,T,92.4,3.0,['R'],C,92.45
GOOG,2023-01-17 09:36:43.550170+00:00,T,92.49,2.0,T,92.4,3.0,['R'],C,92.445
GOOG,2023-01-17 09:36:43.943273+00:00,T,92.49,1.0,T,92.4,3.0,['R'],C,92.445
GOOG,2023-01-17 09:36:43.943551+00:00,T,92.5,1.0,T,92.4,3.0,['R'],C,92.45
GOOG,2023-01-17 09:36:43.943563+00:00,T,92.5,2.0,T,92.4,3.0,['R'],C,92.45
GOOG,2023-01-17 09:36:43.949440+00:00,T,92.5,1.0,T,92.4,3.0,['R'],C,92.45
GOOG,2023-01-17 09:36:47.044371+00:00,T,92.5,3.0,T,92.4,3.0,['R'],C,92.45
GOOG,2023-01-17 09:36:47.443065+00:00,T,92.5,2.0,T,92.4,3.0,['R'],C,92.45
GOOG,2023-01-17 09:36:47.443200+00:00,T,92.5,1.0,T,92.4,3.0,['R'],C,92.45
GOOG,2023-01-17 09:36:48.113578+00:00,T,92.49,1.0,T,92.4,3.0,['R'],C,92.445
GOOG,2023-01-17 09:36:49.414719+00:00,T,92.49,2.0,T,92.4,3.0,['R'],C,92.445
GOOG,2023-01-17 09:36:57.027180+00:00,T,92.49,1.0,T,92.4,3.0,['R'],C,92.445
GOOG,2023-01-17 09:36:57.027190+00:00,T,92.5,1.0,T,92.4,3.0,['R'],C,92.45
GOOG,2023-01-17 09:36:57.134165+00:00,T,92.49,1.0,T,92.4,3.0,['R'],C,92.445
GOOG,2023-01-17 09:36:57.444709+00:00,T,92.49,2.0,T,92.4,3.0,['R'],C,92.445
GOOG,2023-01-17 09:37:08.381216+00:00,T,92.47,1.0,T,92.4,3.0,['R'],C,92.435
GOOG,2023-01-17 09:37:08.484575+00:00,T,92.46,2.0,T,92.4,3.0,['R'],C,92.43
GOOG,2023-01-17 09:37:23.431467+00:00,T,92.46,2.0,P,92.41,1.0,['R'],C,92.435
GOOG,2023-01-17 09:37:23.482768+00:00,T,92.46,2.0,T,92.4,3.0,['R'],C,92.43
GOOG,2023-01-17 09:37:30.667799+00:00,T,92.46,2.0,T,92.4,2.0,['R'],C,92.43
GOOG,2023-01-17 09:37:30.667821+00:00,T,92.46,2.0,T,92.4,1.0,['R'],C,92.43
GOOG,2023-01-17 09:37:30.667840+00:00,T,92.46,2.0,P,92.39,1.0,['R'],C,92.425
GOOG,2023-01-17 09:37:30.667851+00:00,T,92.46,2.0,T,92.3,2.0,['R'],C,92.38
GOOG,2023-01-17 09:37:30.667861+00:00,T,92.44,1.0,T,92.3,2.0,['R'],C,92.37
GOOG,2023-01-17 09:37:30.667885+00:00,T,92.44,2.0,T,92.3,2.0,['R'],C,92.37
GOOG,2023-01-17 09:37:30.667890+00:00,T,92.42,1.0,T,92.3,2.0,['R'],C,92.36
GOOG,2023-01-17 09:37:30.667915+00:00,T,92.44,1.0,T,92.3,2.0,['R'],C,92.37
GOOG,2023-01-17 09:37:30.667999+00:00,T,92.36,1.0,T,92.3,2.0,['R'],C,92.33
GOOG,2023-01-17 09:37:30.668097+00:00,T,92.36,1.0,T,92.3,1.0,['R'],C,92.33
GOOG,2023-01-17 09:37:30.668110+00:00,T,92.36,1.0,T,92.19,1.0,['R'],C,92.275
GOOG,2023-01-17 09:37:30.668112+00:00,T,92.36,1.0,K,92.1,1.0,['R'],C,92.22999999999999
GOOG,2023-01-17 09:37:30.668126+00:00,T,92.36,1.0,P,92.06,27.0,['R'],C,92.21000000000001
GOOG,2023-01-17 09:37:30.669296+00:00,T,92.3,1.0,P,92.06,27.0,['R'],C,92.18
GOOG,2023-01-17 09:37:30.669390+00:00,T,92.3,1.0,P,92.06,25.0,['R'],C,92.18
GOOG,2023-01-17 09:37:30.670634+00:00,T,92.27,1.0,P,92.06,25.0,['R'],C,92.16499999999999
GOOG,2023-01-17 09:37:30.670637+00:00,T,92.27,2.0,P,92.06,25.0,['R'],C,92.16499999999999
GOOG,2023-01-17 09:37:30.670637+00:00,T,92.27,3.0,P,92.06,25.0,['R'],C,92.16499999999999
GOOG,2023-01-17 09:37:30.670655+00:00,T,92.27,2.0,P,92.06,25.0,['R'],C,92.16499999999999
GOOG,2023-01-17 09:37:30.670669+00:00,T,92.27,1.0,P,92.06,25.0,['R'],C,92.16499999999999
GOOG,2023-01-17 09:37:30.670876+00:00,T,92.3,1.0,P,92.06,25.0,['R'],C,92.18
GOOG,2023-01-17 09:37:30.670965+00:00,K,92.27,1.0,P,92.06,25.0,['R'],C,92.16499999999999
GOOG,2023-01-17 09:37:30.671043+00:00,K,92.27,2.0,P,92.06,25.0,['R'],C,92.16499999999999
GOOG,2023-01-17 09:37:30.671115+00:00,K,92.27,1.0,P,92.06,25.0,['R'],C,92.16499999999999
GOOG,2023-01-17 09:37:30.672372+00:00,K,92.27,1.0,T,92.11,1.0,['R'],C,92.19
GOOG,2023-01-17 09:37:30.672374+00:00,K,92.27,1.0,T,92.18,1.0,['R'],C,92.225
GOOG,2023-01-17 09:37:30.672399+00:00,K,92.27,1.0,T,92.11,3.0,['R'],C,92.19
GOOG,2023-01-17 09:37:30.672399+00:00,K,92.27,1.0,T,92.11,2.0,['R'],C,92.19
GOOG,2023-01-17 09:37:30.672411+00:00,K,92.27,1.0,T,92.11,1.0,['R'],C,92.19
GOOG,2023-01-17 09:37:30.672428+00:00,K,92.27,1.0,T,92.11,2.0,['R'],C,92.19
GOOG,2023-01-17 09:37:30.672440+00:00,K,92.27,1.0,T,92.11,1.0,['R'],C,92.19
GOOG,2023-01-17 09:37:30.672508+00:00,T,92.3,1.0,T,92.11,1.0,['R'],C,92.205
GOOG,2023-01-17 09:37:30.672840+00:00,T,92.3,1.0,T,92.25,2.0,['R'],C,92.275
GOOG,2023-01-17 09:37:30.673199+00:00,T,92.3,1.0,T,92.26,2.0,['R'],C,92.28
GOOG,2023-01-17 09:37:30.674832+00:00,P,92.35,1.0,T,92.26,2.0,['R'],C,92.305
GOOG,2023-01-17 09:37:30.678664+00:00,T,92.47,3.0,T,92.26,2.0,['R'],C,92.36500000000001
GOOG,2023-01-17 09:37:30.680171+00:00,T,92.47,3.0,T,92.28,1.0,['R'],C,92.375
GOOG,2023-01-17 09:37:30.680204+00:00,T,92.47,3.0,T,92.28,3.0,['R'],C,92.375
GOOG,2023-01-17 09:37:30.680207+00:00,T,92.47,3.0,T,92.28,4.0,['R'],C,92.375
GOOG,2023-01-17 09:37:30.680457+00:00,T,92.47,3.0,T,92.28,2.0,['R'],C,92.375
GOOG,2023-01-17 09:37:30.681948+00:00,T,92.47,3.0,T,92.3,2.0,['R'],C,92.38499999999999
GOOG,2023-01-17 09:37:30.682045+00:00,T,92.47,3.0,P,92.3,4.0,['R'],C,92.38499999999999
GOOG,2023-01-17 09:37:30.772675+00:00,T,92.47,3.0,T,92.3,2.0,['R'],C,92.38499999999999
GOOG,2023-01-17 09:37:30.782486+00:00,T,92.47,2.0,T,92.3,2.0,['R'],C,92.38499999999999
GOOG,2023-01-17 09:37:30.782500+00:00,T,92.46,1.0,T,92.3,2.0,['R'],C,92.38
GOOG,2023-01-17 09:37:33.855726+00:00,T,92.46,2.0,T,92.3,2.0,['R'],C,92.38
GOOG,2023-01-17 09:37:37.904550+00:00,T,92.46,2.0,T,92.31,1.0,['R'],C,92.38499999999999
GOOG,2023-01-17 09:37:37.904588+00:00,T,92.46,2.0,T,92.31,3.0,['R'],C,92.38499999999999
GOOG,2023-01-17 09:37:37.904608+00:00,T,92.46,2.0,T,92.31,2.0,['R'],C,92.38499999999999
GOOG,2023-01-17 09:37:48.595122+00:00,T,92.45,1.0,T,92.31,2.0,['R'],C,92.38
GOOG,2023-01-17 09:37:48.700258+00:00,T,92.45,2.0,T,92.31,2.0,['R'],C,92.38
GOOG,2023-01-17 09:37:50.912774+00:00,T,92.45,1.0,T,92.31,2.0,['R'],C,92.38
GOOG,2023-01-17 09:37:55.002361+00:00,T,92.45,1.0,T,92.32,2.0,['R'],C,92.38499999999999
GOOG,2023-01-17 09:38:01.086532+00:00,T,92.45,2.0,T,92.32,2.0,['R'],C,92.38499999999999
GOOG,2023-01-17 09:38:03.982693+00:00,T,92.45,2.0,T,92.33,2.0,['R'],C,92.39
GOOG,2023-01-17 09:38:07.604052+00:00,T,92.45,1.0,T,92.33,2.0,['R'],C,92.39
GOOG,2023-01-17 09:38:16.717521+00:00,T,92.44,1.0,T,92.33,2.0,['R'],C,92.38499999999999
GOOG,2023-01-17 09:38:17.610877+00:00,T,92.44,2.0,T,92.33,2.0,['R'],C,92.38499999999999
GOOG,2023-01-17 09:38:39.172787+00:00,T,92.44,1.0,T,92.33,2.0,['R'],C,92.38499999999999
GOOG,2023-01-17 09:38:42.173472+00:00,T,92.44,2.0,T,92.33,2.0,['R'],C,92.38499999999999
GOOG,2023-01-17 09:38:49.211968+00:00,T,92.44,2.0,T,92.34,2.0,['R'],C,92.39
GOOG,2023-01-17 09:38:51.250880+00:00,T,92.44,1.0,T,92.34,2.0,['R'],C,92.39
GOOG,2023-01-17 09:38:54.251665+00:00,T,92.44,2.0,T,92.34,2.0,['R'],C,92.39
GOOG,2023-01-17 09:39:23.497782+00:00,T,92.44,1.0,T,92.34,2.0,['R'],C,92.39
GOOG,2023-01-17 09:39:26.498155+00:00,T,92.44,2.0,T,92.34,2.0,['R'],C,92.39
GOOG,2023-01-17 09:39:34.840003+00:00,T,92.44,1.0,T,92.34,2.0,['R'],C,92.39
GOOG,2023-01-17 09:39:34.840015+00:00,T,92.45,1.0,T,92.34,2.0,['R'],C,92.39500000000001
GOOG,2023-01-17 09:39:34.840027+00:00,T,92.45,2.0,T,92.34,2.0,['R'],C,92.39500000000001
GOOG,2023-01-17 09:39:36.594002+00:00,T,92.44,1.0,T,92.34,2.0,['R'],C,92.39
GOOG,2023-01-17 09:39:37.094093+00:00,T,92.45,1.0,T,92.34,2.0,['R'],C,92.39500000000001
GOOG,2023-01-17 09:39:37.205351+00:00,T,92.44,1.0,T,92.34,2.0,['R'],C,92.39
GOOG,2023-01-17 09:39:37.840637+00:00,T,92.44,2.0,T,92.34,2.0,['R'],C,92.39
GOOG,2023-01-17 09:39:42.016078+00:00,T,92.44,1.0,T,92.34,2.0,['R'],C,92.39
GOOG,2023-01-17 09:39:42.016088+00:00,T,92.45,1.0,T,92.34,2.0,['R'],C,92.39500000000001
GOOG,2023-01-17 09:39:42.016100+00:00,T,92.45,2.0,T,92.34,2.0,['R'],C,92.39500000000001
GOOG,2023-01-17 09:39:45.018372+00:00,T,92.45,3.0,T,92.34,2.0,['R'],C,92.39500000000001
GOOG,2023-01-17 09:39:48.800073+00:00,T,92.45,3.0,T,92.35,2.0,['R'],C,92.4
GOOG,2023-01-17 09:40:00.206119+00:00,T,92.45,2.0,T,92.35,2.0,['R'],C,92.4
GOOG,2023-01-17 09:40:00.206128+00:00,T,92.45,1.0,T,92.35,2.0,['R'],C,92.4
GOOG,2023-01-17 09:40:00.322043+00:00,T,92.44,1.0,T,92.35,2.0,['R'],C,92.395
GOOG,2023-01-17 09:40:01.011001+00:00,T,92.44,2.0,T,92.35,2.0,['R'],C,92.395
GOOG,2023-01-17 09:40:03.214228+00:00,T,92.44,1.0,T,92.35,2.0,['R'],C,92.395
GOOG,2023-01-17 09:40:06.215768+00:00,T,92.44,2.0,T,92.35,2.0,['R'],C,92.395
GOOG,2023-01-17 09:40:06.239358+00:00,T,92.44,1.0,T,92.35,2.0,['R'],C,92.395
GOOG,2023-01-17 09:40:06.239367+00:00,T,92.45,1.0,T,92.35,2.0,['R'],C,92.4
GOOG,2023-01-17 09:40:06.239380+00:00,T,92.45,2.0,T,92.35,2.0,['R'],C,92.4
GOOG,2023-01-17 09:40:09.239848+00:00,T,92.45,3.0,T,92.35,2.0,['R'],C,92.4
GOOG,2023-01-17 09:40:39.046193+00:00,T,92.45,2.0,T,92.35,2.0,['R'],C,92.4
GOOG,2023-01-17 09:40:39.046205+00:00,T,92.45,1.0,T,92.35,2.0,['R'],C,92.4
GOOG,2023-01-17 09:40:39.226251+00:00,T,92.44,1.0,T,92.35,2.0,['R'],C,92.395
GOOG,2023-01-17 09:40:47.043417+00:00,T,92.45,1.0,T,92.35,2.0,['R'],C,92.4
GOOG,2023-01-17 09:40:47.146776+00:00,T,92.44,1.0,T,92.35,2.0,['R'],C,92.395
GOOG,2023-01-17 09:41:52.786126+00:00,T,92.45,1.0,T,92.35,2.0,['R'],C,92.4
GOOG,2023-01-17 09:41:52.786143+00:00,T,92.45,3.0,T,92.35,2.0,['R'],C,92.4
GOOG,2023-01-17 09:41:56.672212+00:00,T,92.45,1.0,T,92.35,2.0,['R'],C,92.4
GOOG,2023-01-17 09:41:56.677520+00:00,T,92.45,1.0,T,92.38,1.0,['R'],C,92.41499999999999
GOOG,2023-01-17 09:41:56.677561+00:00,T,92.45,1.0,T,92.38,3.0,['R'],C,92.41499999999999
GOOG,2023-01-17 09:41:56.679776+00:00,T,92.45,1.0,T,92.38,2.0,['R'],C,92.41499999999999
GOOG,2023-01-17 09:41:56.679826+00:00,T,92.45,1.0,T,92.38,3.0,['R'],C,92.41499999999999
GOOG,2023-01-17 09:41:56.680313+00:00,T,92.45,1.0,T,92.38,2.0,['R'],C,92.41499999999999
GOOG,2023-01-17 09:41:56.777789+00:00,T,92.45,1.0,T,92.39,2.0,['R'],C,92.42
GOOG,2023-01-17 09:41:56.777825+00:00,T,92.45,1.0,T,92.39,4.0,['R'],C,92.42
GOOG,2023-01-17 09:41:59.505748+00:00,T,92.45,1.0,T,92.39,2.0,['R'],C,92.42
GOOG,2023-01-17 09:43:33.302119+00:00,T,92.45,1.0,P,92.45,3.0,['R'],C,92.45
GOOG,2023-01-17 09:43:33.302938+00:00,T,92.45,1.0,P,92.45,2.0,['R'],C,92.45
GOOG,2023-01-17 09:43:33.308150+00:00,T,92.48,1.0,P,92.45,2.0,['R'],C,92.465
GOOG,2023-01-17 09:43:33.308364+00:00,T,92.49,1.0,P,92.45,2.0,['R'],C,92.47
GOOG,2023-01-17 09:43:33.308375+00:00,P,92.52,1.0,P,92.45,2.0,['R'],C,92.485
GOOG,2023-01-17 09:43:33.308872+00:00,P,92.52,1.0,P,92.45,3.0,['R'],C,92.485
GOOG,2023-01-17 09:43:33.376552+00:00,T,92.53,2.0,P,92.45,3.0,['R'],C,92.49000000000001
GOOG,2023-01-17 09:43:33.401752+00:00,T,92.53,2.0,T,92.45,2.0,['R'],C,92.49000000000001
GOOG,2023-01-17 09:44:00.215351+00:00,T,92.53,1.0,T,92.45,2.0,['R'],C,92.49000000000001
GOOG,2023-01-17 09:44:01.495132+00:00,T,92.53,2.0,T,92.45,2.0,['R'],C,92.49000000000001
GOOG,2023-01-17 09:44:05.875332+00:00,T,92.53,1.0,T,92.45,2.0,['R'],C,92.49000000000001
GOOG,2023-01-17 09:44:05.875343+00:00,T,92.54,2.0,T,92.45,2.0,['R'],C,92.495
GOOG,2023-01-17 09:44:05.971614+00:00,T,92.54,3.0,T,92.45,2.0,['R'],C,92.495
GOOG,2023-01-17 09:44:08.869391+00:00,T,92.54,4.0,T,92.45,2.0,['R'],C,92.495
GOOG,2023-01-17 09:44:27.299083+00:00,T,92.54,3.0,T,92.45,2.0,['R'],C,92.495
GOOG,2023-01-17 09:44:27.722735+00:00,T,92.54,4.0,T,92.45,2.0,['R'],C,92.495
GOOG,2023-01-17 09:45:13.794997+00:00,T,92.54,3.0,T,92.45,2.0,['R'],C,92.495
GOOG,2023-01-17 09:45:16.662070+00:00,T,92.54,2.0,T,92.45,2.0,['R'],C,92.495
GOOG,2023-01-17 09:45:16.805790+00:00,T,92.53,2.0,T,92.45,2.0,['R'],C,92.49000000000001
GOOG,2023-01-17 09:45:48.434947+00:00,T,92.54,2.0,T,92.45,2.0,['R'],C,92.495
GOOG,2023-01-17 09:45:48.434961+00:00,T,92.54,4.0,T,92.45,2.0,['R'],C,92.495
GOOG,2023-01-17 09:45:48.441161+00:00,T,92.54,3.0,T,92.45,2.0,['R'],C,92.495
GOOG,2023-01-17 09:45:51.435193+00:00,T,92.54,4.0,T,92.45,2.0,['R'],C,92.495
GOOG,2023-01-17 09:46:01.421611+00:00,T,92.54,3.0,T,92.45,2.0,['R'],C,92.495
GOOG,2023-01-17 09:46:01.421620+00:00,T,92.54,2.0,T,92.45,2.0,['R'],C,92.495
GOOG,2023-01-17 09:46:04.069255+00:00,T,92.54,3.0,T,92.45,2.0,['R'],C,92.495
GOOG,2023-01-17 09:46:09.674005+00:00,T,92.54,4.0,T,92.45,2.0,['R'],C,92.495
GOOG,2023-01-17 09:46:11.570108+00:00,T,92.54,3.0,T,92.45,2.0,['R'],C,92.495
GOOG,2023-01-17 09:46:45.519210+00:00,T,92.54,4.0,T,92.45,2.0,['R'],C,92.495
GOOG,2023-01-17 09:46:58.072382+00:00,T,92.54,3.0,T,92.45,2.0,['R'],C,92.495
GOOG,2023-01-17 09:46:58.072394+00:00,T,92.54,2.0,T,92.45,2.0,['R'],C,92.495
GOOG,2023-01-17 09:47:21.975324+00:00,P,92.5,1.0,T,92.45,2.0,['R'],C,92.475
GOOG,2023-01-17 09:47:22.015857+00:00,T,92.54,2.0,T,92.45,2.0,['R'],C,92.495
GOOG,2023-01-17 09:48:15.402457+00:00,T,92.54,2.0,T,92.45,1.0,['R'],C,92.495
GOOG,2023-01-17 09:48:15.402534+00:00,T,92.52,1.0,T,92.45,1.0,['R'],C,92.485
GOOG,2023-01-17 09:48:15.402545+00:00,T,92.52,1.0,T,92.4,2.0,['R'],C,92.46000000000001
GOOG,2023-01-17 09:48:15.402567+00:00,T,92.5,1.0,T,92.4,2.0,['R'],C,92.45
GOOG,2023-01-17 09:48:15.402899+00:00,T,92.5,1.0,P,92.4,1.0,['R'],C,92.45
GOOG,2023-01-17 09:48:15.402907+00:00,T,92.49,1.0,P,92.4,1.0,['R'],C,92.445
GOOG,2023-01-17 09:48:15.402931+00:00,T,92.5,1.0,P,92.4,1.0,['R'],C,92.45
GOOG,2023-01-17 09:48:15.423559+00:00,T,92.52,1.0,P,92.4,1.0,['R'],C,92.46000000000001
GOOG,2023-01-17 09:48:15.423572+00:00,T,92.54,2.0,P,92.4,1.0,['R'],C,92.47
GOOG,2023-01-17 09:48:15.473514+00:00,T,92.54,2.0,T,92.34,2.0,['R'],C,92.44
GOOG,2023-01-17 09:48:15.474284+00:00,T,92.54,2.0,T,92.34,1.0,['R'],C,92.44
GOOG,2023-01-17 09:48:15.503416+00:00,T,92.54,2.0,T,92.34,3.0,['R'],C,92.44
GOOG,2023-01-17 09:48:15.509806+00:00,T,92.54,2.0,P,92.35,1.0,['R'],C,92.445
GOOG,2023-01-17 09:48:15.562353+00:00,T,92.45,1.0,P,92.35,1.0,['R'],C,92.4
GOOG,2023-01-17 09:48:19.821100+00:00,T,92.45,1.0,T,92.34,3.0,['R'],C,92.39500000000001
GOOG,2023-01-17 09:48:24.867462+00:00,T,92.45,1.0,P,92.35,1.0,['R'],C,92.4
GOOG,2023-01-17 09:48:35.511907+00:00,T,92.45,1.0,T,92.34,3.0,['R'],C,92.39500000000001
GOOG,2023-01-17 09:48:35.554477+00:00,T,92.45,1.0,P,92.35,1.0,['R'],C,92.4
GOOG,2023-01-17 09:48:36.200404+00:00,T,92.45,1.0,T,92.34,3.0,['R'],C,92.39500000000001
GOOG,2023-01-17 09:48:41.548835+00:00,T,92.45,1.0,P,92.35,1.0,['R'],C,92.4
GOOG,2023-01-17 09:48:44.149179+00:00,T,92.45,1.0,T,92.34,3.0,['R'],C,92.39500000000001
GOOG,2023-01-17 09:48:48.758525+00:00,T,92.45,1.0,T,92.34,2.0,['R'],C,92.39500000000001
GOOG,2023-01-17 09:48:48.758572+00:00,T,92.45,1.0,T,92.34,3.0,['R'],C,92.39500000000001
GOOG,2023-01-17 09:48:55.959315+00:00,T,92.45,1.0,P,92.35,1.0,['R'],C,92.4
GOOG,2023-01-17 09:48:56.040834+00:00,T,92.45,1.0,T,92.34,3.0,['R'],C,92.39500000000001
GOOG,2023-01-17 09:49:04.434544+00:00,T,92.45,1.0,T,92.34,1.0,['R'],C,92.39500000000001
GOOG,2023-01-17 09:49:04.435042+00:00,T,92.45,1.0,P,92.33,1.0,['R'],C,92.39
GOOG,2023-01-17 09:49:04.435118+00:00,T,92.45,1.0,T,92.34,1.0,['R'],C,92.39500000000001
GOOG,2023-01-17 09:49:04.543091+00:00,T,92.45,1.0,T,92.34,3.0,['R'],C,92.39500000000001
GOOG,2023-01-17 09:49:11.354775+00:00,T,92.45,1.0,T,92.34,2.0,['R'],C,92.39500000000001
GOOG,2023-01-17 09:49:11.354819+00:00,T,92.45,1.0,T,92.34,3.0,['R'],C,92.39500000000001
GOOG,2023-01-17 09:49:11.599104+00:00,T,92.45,1.0,P,92.35,1.0,['R'],C,92.4
GOOG,2023-01-17 09:50:00.372956+00:00,T,92.45,1.0,T,92.34,3.0,['R'],C,92.39500000000001
GOOG,2023-01-17 09:50:00.376639+00:00,T,92.45,1.0,P,92.36,1.0,['R'],C,92.405
GOOG,2023-01-17 09:50:11.534706+00:00,T,92.45,1.0,T,92.34,3.0,['R'],C,92.39500000000001
GOOG,2023-01-17 09:50:11.537520+00:00,T,92.45,1.0,P,92.37,1.0,['R'],C,92.41
GOOG,2023-01-17 09:50:14.821349+00:00,T,92.45,1.0,T,92.34,3.0,['R'],C,92.39500000000001
GOOG,2023-01-17 09:50:14.823776+00:00,T,92.45,1.0,P,92.35,1.0,['R'],C,92.4
GOOG,2023-01-17 09:50:30.626671+00:00,T,92.45,1.0,T,92.34,2.0,['R'],C,92.39500000000001
GOOG,2023-01-17 09:50:30.629574+00:00,T,92.45,1.0,P,92.36,1.0,['R'],C,92.405
GOOG,2023-01-17 09:50:36.626302+00:00,T,92.45,1.0,P,92.32,1.0,['R'],C,92.38499999999999
GOOG,2023-01-17 09:50:36.628734+00:00,T,92.45,1.0,P,92.35,1.0,['R'],C,92.4
GOOG,2023-01-17 09:51:00.134041+00:00,T,92.45,1.0,P,92.34,1.0,['R'],C,92.39500000000001
GOOG,2023-01-17 09:51:00.136901+00:00,T,92.45,1.0,P,92.38,1.0,['R'],C,92.41499999999999
GOOG,2023-01-17 09:51:09.689673+00:00,T,92.45,1.0,P,92.34,1.0,['R'],C,92.39500000000001
GOOG,2023-01-17 09:51:09.731591+00:00,T,92.45,1.0,P,92.35,1.0,['R'],C,92.4
GOOG,2023-01-17 09:51:22.697467+00:00,T,92.45,1.0,P,92.34,1.0,['R'],C,92.39500000000001
GOOG,2023-01-17 09:51:22.700374+00:00,T,92.45,1.0,P,92.38,1.0,['R'],C,92.41499999999999
GOOG,2023-01-17 09:51:30.170272+00:00,T,92.45,1.0,P,92.34,1.0,['R'],C,92.39500000000001
GOOG,2023-01-17 09:51:30.176125+00:00,T,92.45,1.0,P,92.36,1.0,['R'],C,92.405
GOOG,2023-01-17 09:51:39.151468+00:00,T,92.45,1.0,P,92.34,1.0,['R'],C,92.39500000000001
GOOG,2023-01-17 09:51:39.155927+00:00,T,92.45,1.0,P,92.35,1.0,['R'],C,92.4
GOOG,2023-01-17 09:51:49.154938+00:00,T,92.45,1.0,P,92.34,1.0,['R'],C,92.39500000000001
GOOG,2023-01-17 09:51:49.159320+00:00,T,92.45,1.0,P,92.38,1.0,['R'],C,92.41499999999999
GOOG,2023-01-17 09:51:52.251391+00:00,T,92.45,1.0,T,92.34,3.0,['R'],C,92.39500000000001
GOOG,2023-01-17 09:51:52.254319+00:00,T,92.45,1.0,P,92.35,1.0,['R'],C,92.4
GOOG,2023-01-17 09:51:57.254972+00:00,T,92.45,1.0,T,92.34,3.0,['R'],C,92.39500000000001
GOOG,2023-01-17 09:51:57.257969+00:00,T,92.45,1.0,P,92.37,1.0,['R'],C,92.41
GOOG,2023-01-17 09:52:03.892132+00:00,T,92.45,1.0,T,92.34,3.0,['R'],C,92.39500000000001
GOOG,2023-01-17 09:52:03.895455+00:00,T,92.45,1.0,P,92.36,1.0,['R'],C,92.405
GOOG,2023-01-17 09:52:14.856222+00:00,T,92.45,1.0,T,92.34,3.0,['R'],C,92.39500000000001
GOOG,2023-01-17 09:52:14.859528+00:00,T,92.45,1.0,P,92.37,1.0,['R'],C,92.41
GOOG,2023-01-17 09:52:32.712006+00:00,T,92.45,1.0,T,92.34,3.0,['R'],C,92.39500000000001
GOOG,2023-01-17 09:52:32.752858+00:00,T,92.45,1.0,P,92.38,1.0,['R'],C,92.41499999999999
GOOG,2023-01-17 09:52:57.159409+00:00,T,92.45,1.0,T,92.34,3.0,['R'],C,92.39500000000001
GOOG,2023-01-17 09:52:57.161894+00:00,T,92.45,1.0,P,92.35,1.0,['R'],C,92.4
GOOG,2023-01-17 09:53:04.604490+00:00,T,92.45,1.0,T,92.34,4.0,['R'],C,92.39500000000001
GOOG,2023-01-17 09:53:04.646412+00:00,T,92.45,1.0,P,92.36,1.0,['R'],C,92.405
GOOG,2023-01-17 09:53:10.805769+00:00,T,92.45,1.0,T,92.34,3.0,['R'],C,92.39500000000001
GOOG,2023-01-17 09:53:10.808489+00:00,T,92.45,1.0,P,92.35,1.0,['R'],C,92.4
GOOG,2023-01-17 09:53:22.830790+00:00,T,92.45,1.0,T,92.34,3.0,['R'],C,92.39500000000001
GOOG,2023-01-17 09:53:22.833474+00:00,T,92.45,1.0,P,92.36,1.0,['R'],C,92.405
GOOG,2023-01-17 09:54:04.413555+00:00,T,92.45,1.0,T,92.34,3.0,['R'],C,92.39500000000001
GOOG,2023-01-17 09:54:04.416973+00:00,T,92.45,1.0,P,92.35,1.0,['R'],C,92.4
GOOG,2023-01-17 09:54:46.432544+00:00,T,92.45,1.0,T,92.34,3.0,['R'],C,92.39500000000001
GOOG,2023-01-17 09:54:46.436479+00:00,T,92.45,1.0,P,92.36,1.0,['R'],C,92.405
GOOG,2023-01-17 09:54:50.048421+00:00,T,92.45,1.0,T,92.34,3.0,['R'],C,92.39500000000001
GOOG,2023-01-17 09:54:50.051332+00:00,T,92.45,1.0,P,92.35,1.0,['R'],C,92.4
GOOG,2023-01-17 09:55:02.636176+00:00,T,92.44,2.0,P,92.35,1.0,['R'],C,92.395
GOOG,2023-01-17 09:55:08.386761+00:00,T,92.44,2.0,T,92.34,3.0,['R'],C,92.39
GOOG,2023-01-17 09:55:13.427525+00:00,T,92.44,2.0,P,92.35,1.0,['R'],C,92.395
GOOG,2023-01-17 09:55:18.260301+00:00,T,92.44,2.0,T,92.34,3.0,['R'],C,92.39
GOOG,2023-01-17 09:55:57.186531+00:00,T,92.44,2.0,P,92.35,1.0,['R'],C,92.395
GOOG,2023-01-17 09:55:58.216671+00:00,T,92.44,2.0,T,92.34,3.0,['R'],C,92.39
GOOG,2023-01-17 09:56:03.223770+00:00,T,92.44,2.0,P,92.35,1.0,['R'],C,92.395
GOOG,2023-01-17 09:56:23.746655+00:00,T,92.44,2.0,T,92.34,3.0,['R'],C,92.39
GOOG,2023-01-17 09:56:34.358169+00:00,T,92.44,2.0,P,92.35,1.0,['R'],C,92.395
GOOG,2023-01-17 09:56:34.779079+00:00,T,92.44,2.0,T,92.34,3.0,['R'],C,92.39
GOOG,2023-01-17 09:56:52.268990+00:00,T,92.44,2.0,P,92.35,1.0,['R'],C,92.395
GOOG,2023-01-17 09:56:53.753690+00:00,T,92.44,2.0,T,92.34,3.0,['R'],C,92.39
GOOG,2023-01-17 09:58:28.066241+00:00,T,92.44,2.0,T,92.34,2.0,['R'],C,92.39
GOOG,2023-01-17 09:58:28.066290+00:00,T,92.44,2.0,T,92.34,3.0,['R'],C,92.39
GOOG,2023-01-17 09:58:28.090850+00:00,T,92.44,2.0,T,92.34,2.0,['R'],C,92.39
GOOG,2023-01-17 09:58:28.090934+00:00,T,92.44,2.0,T,92.34,3.0,['R'],C,92.39
GOOG,2023-01-17 09:58:44.683005+00:00,T,92.44,2.0,T,92.34,2.0,['R'],C,92.39
GOOG,2023-01-17 09:58:44.683052+00:00,T,92.44,2.0,T,92.34,3.0,['R'],C,92.39
GOOG,2023-01-17 09:58:44.685683+00:00,T,92.44,2.0,T,92.34,2.0,['R'],C,92.39
GOOG,2023-01-17 09:58:44.685772+00:00,T,92.44,2.0,T,92.34,3.0,['R'],C,92.39
GOOG,2023-01-17 09:58:55.511791+00:00,T,92.44,2.0,T,92.34,2.0,['R'],C,92.39
GOOG,2023-01-17 09:58:55.511838+00:00,T,92.44,2.0,T,92.34,3.0,['R'],C,92.39
GOOG,2023-01-17 09:58:55.512329+00:00,T,92.44,2.0,T,92.34,2.0,['R'],C,92.39
GOOG,2023-01-17 09:58:55.512867+00:00,T,92.44,2.0,K,92.35,1.0,['R'],C,92.395
GOOG,2023-01-17 09:59:39.862638+00:00,T,92.44,2.0,P,92.31,1.0,['R'],C,92.375
GOOG,2023-01-17 09:59:39.862777+00:00,T,92.44,2.0,T,92.34,1.0,['R'],C,92.39
GOOG,2023-01-17 09:59:39.966627+00:00,T,92.44,2.0,T,92.34,2.0,['R'],C,92.39
GOOG,2023-01-17 09:59:39.993152+00:00,T,92.43,1.0,T,92.34,2.0,['R'],C,92.385
GOOG,2023-01-17 09:59:41.551810+00:00,T,92.44,2.0,T,92.34,2.0,['R'],C,92.39
GOOG,2023-01-17 09:59:55.564121+00:00,T,92.44,2.0,P,92.35,1.0,['R'],C,92.395
GOOG,2023-01-17 09:59:55.566107+00:00,T,92.44,2.0,T,92.34,2.0,['R'],C,92.39
GOOG,2023-01-17 09:59:59.362412+00:00,T,92.44,2.0,T,92.34,3.0,['R'],C,92.39
GOOG,2023-01-17 10:00:59.436736+00:00,T,92.44,2.0,P,92.35,1.0,['R'],C,92.395
GOOG,2023-01-17 10:01:13.675980+00:00,T,92.44,2.0,T,92.34,3.0,['R'],C,92.39
GOOG,2023-01-17 10:01:32.458399+00:00,T,92.44,2.0,P,92.35,1.0,['R'],C,92.395
GOOG,2023-01-17 10:03:19.512127+00:00,T,92.44,2.0,T,92.34,2.0,['R'],C,92.39
GOOG,2023-01-17 10:04:36.658083+00:00,T,92.44,2.0,T,92.34,1.0,['R'],C,92.39
GOOG,2023-01-17 10:04:36.861456+00:00,T,92.44,2.0,P,92.29,1.0,['R'],C,92.36500000000001
GOOG,2023-01-17 10:04:37.763919+00:00,T,92.44,2.0,P,92.24,1.0,['R'],C,92.34
GOOG,2023-01-17 10:04:37.764760+00:00,T,92.42,1.0,P,92.24,1.0,['R'],C,92.33
GOOG,2023-01-17 10:04:37.764788+00:00,T,92.44,2.0,P,92.24,1.0,['R'],C,92.34
GOOG,2023-01-17 10:04:37.764790+00:00,T,92.43,1.0,P,92.24,1.0,['R'],C,92.33500000000001
GOOG,2023-01-17 10:04:37.764818+00:00,T,92.44,2.0,P,92.24,1.0,['R'],C,92.34
GOOG,2023-01-17 10:05:26.619903+00:00,T,92.44,3.0,P,92.24,1.0,['R'],C,92.34
GOOG,2023-01-17 10:05:51.222765+00:00,T,92.39,1.0,P,92.24,1.0,['R'],C,92.315
GOOG,2023-01-17 10:05:58.985234+00:00,T,92.39,1.0,P,92.25,1.0,['R'],C,92.32
GOOG,2023-01-17 10:05:58.985239+00:00,T,92.39,1.0,P,92.28,1.0,['R'],C,92.33500000000001
GOOG,2023-01-17 10:05:59.006263+00:00,T,92.39,1.0,P,92.29,1.0,['R'],C,92.34
GOOG,2023-01-17 10:06:01.290690+00:00,T,92.39,1.0,P,92.31,1.0,['R'],C,92.35
GOOG,2023-01-17 10:06:01.573544+00:00,T,92.39,1.0,P,92.3,1.0,['R'],C,92.345
GOOG,2023-01-17 10:06:01.573730+00:00,T,92.39,1.0,P,92.29,1.0,['R'],C,92.34
GOOG,2023-01-17 10:06:01.615505+00:00,T,92.39,1.0,P,92.3,1.0,['R'],C,92.345
GOOG,2023-01-17 10:06:09.049184+00:00,T,92.39,1.0,P,92.31,1.0,['R'],C,92.35
GOOG,2023-01-17 10:06:26.084407+00:00,T,92.39,1.0,P,92.27,1.0,['R'],C,92.33
GOOG,2023-01-17 10:06:26.125925+00:00,T,92.39,1.0,P,92.28,1.0,['R'],C,92.33500000000001
GOOG,2023-01-17 10:06:53.016692+00:00,T,92.38,1.0,P,92.28,1.0,['R'],C,92.33
GOOG,2023-01-17 10:06:53.745596+00:00,T,92.39,1.0,P,92.28,1.0,['R'],C,92.33500000000001
GOOG,2023-01-17 10:06:53.968929+00:00,T,92.38,1.0,P,92.28,1.0,['R'],C,92.33
GOOG,2023-01-17 10:06:55.874851+00:00,T,92.38,1.0,T,92.24,2.0,['R'],C,92.31
GOOG,2023-01-17 10:06:55.877906+00:00,T,92.38,1.0,P,92.27,1.0,['R'],C,92.32499999999999
GOOG,2023-01-17 10:06:56.648920+00:00,T,92.39,1.0,P,92.27,1.0,['R'],C,92.33
GOOG,2023-01-17 10:06:57.268232+00:00,T,92.38,1.0,P,92.27,1.0,['R'],C,92.32499999999999
GOOG,2023-01-17 10:06:57.268291+00:00,T,92.39,1.0,P,92.27,1.0,['R'],C,92.33
GOOG,2023-01-17 10:07:01.805011+00:00,T,92.4,1.0,P,92.27,1.0,['R'],C,92.33500000000001
GOOG,2023-01-17 10:07:01.806458+00:00,T,92.35,1.0,P,92.27,1.0,['R'],C,92.31
GOOG,2023-01-17 10:07:01.883731+00:00,T,92.35,1.0,T,92.24,2.0,['R'],C,92.29499999999999
GOOG,2023-01-17 10:07:05.373458+00:00,T,92.35,1.0,P,92.22,1.0,['R'],C,92.285
GOOG,2023-01-17 10:07:06.967885+00:00,T,92.35,1.0,P,92.26,1.0,['R'],C,92.305
GOOG,2023-01-17 10:07:19.389546+00:00,T,92.31,1.0,P,92.26,1.0,['R'],C,92.285
GOOG,2023-01-17 10:07:19.473694+00:00,T,92.31,1.0,P,92.21,1.0,['R'],C,92.25999999999999
GOOG,2023-01-17 10:07:19.476390+00:00,T,92.31,1.0,P,92.25,1.0,['R'],C,92.28
GOOG,2023-01-17 10:07:20.390956+00:00,T,92.31,1.0,P,92.25,2.0,['R'],C,92.28
GOOG,2023-01-17 10:07:20.391477+00:00,T,92.31,1.0,P,92.25,1.0,['R'],C,92.28
GOOG,2023-01-17 10:07:20.973815+00:00,T,92.31,1.0,P,92.24,1.0,['R'],C,92.275
GOOG,2023-01-17 10:07:20.973876+00:00,T,92.31,1.0,P,92.23,1.0,['R'],C,92.27000000000001
GOOG,2023-01-17 10:07:20.975050+00:00,T,92.31,1.0,P,92.24,1.0,['R'],C,92.275
GOOG,2023-01-17 10:07:20.976632+00:00,T,92.31,1.0,P,92.24,2.0,['R'],C,92.275
GOOG,2023-01-17 10:07:20.977794+00:00,T,92.31,1.0,P,92.24,1.0,['R'],C,92.275
GOOG,2023-01-17 10:07:25.976281+00:00,T,92.31,1.0,T,92.21,1.0,['R'],C,92.25999999999999
GOOG,2023-01-17 10:07:25.979234+00:00,T,92.31,1.0,P,92.25,1.0,['R'],C,92.28
GOOG,2023-01-17 10:07:26.089147+00:00,T,92.31,1.0,T,92.25,3.0,['R'],C,92.28
GOOG,2023-01-17 10:07:30.980138+00:00,T,92.31,1.0,T,92.25,2.0,['R'],C,92.28
GOOG,2023-01-17 10:07:30.980664+00:00,T,92.31,1.0,K,92.26,1.0,['R'],C,92.285
GOOG,2023-01-17 10:07:43.272369+00:00,T,92.31,1.0,P,92.22,1.0,['R'],C,92.265
GOOG,2023-01-17 10:07:43.272570+00:00,T,92.31,1.0,T,92.24,1.0,['R'],C,92.275
GOOG,2023-01-17 10:07:43.282909+00:00,T,92.31,1.0,P,92.24,1.0,['R'],C,92.275
GOOG,2023-01-17 10:07:43.283483+00:00,T,92.31,1.0,T,92.26,1.0,['R'],C,92.285
GOOG,2023-01-17 10:07:43.391988+00:00,T,92.31,1.0,T,92.26,2.0,['R'],C,92.285
GOOG,2023-01-17 10:07:46.280265+00:00,T,92.31,1.0,T,92.26,3.0,['R'],C,92.285
GOOG,2023-01-17 10:07:46.762869+00:00,T,92.31,1.0,T,92.26,2.0,['R'],C,92.285
GOOG,2023-01-17 10:07:46.764894+00:00,T,92.31,1.0,T,92.26,3.0,['R'],C,92.285
GOOG,2023-01-17 10:08:02.248343+00:00,T,92.31,1.0,T,92.26,2.0,['R'],C,92.285
GOOG,2023-01-17 10:08:02.448773+00:00,T,92.31,1.0,T,92.26,1.0,['R'],C,92.285
GOOG,2023-01-17 10:08:02.448786+00:00,T,92.31,1.0,P,92.26,1.0,['R'],C,92.285
GOOG,2023-01-17 10:08:04.105169+00:00,T,92.31,1.0,P,92.24,1.0,['R'],C,92.275
GOOG,2023-01-17 10:08:04.146496+00:00,T,92.31,1.0,T,92.25,1.0,['R'],C,92.28
GOOG,2023-01-17 10:08:04.254773+00:00,T,92.31,1.0,T,92.25,2.0,['R'],C,92.28
GOOG,2023-01-17 10:08:08.472420+00:00,T,92.31,1.0,T,92.25,3.0,['R'],C,92.28
GOOG,2023-01-17 10:08:13.499686+00:00,T,92.31,1.0,T,92.25,2.0,['R'],C,92.28
GOOG,2023-01-17 10:08:13.500225+00:00,T,92.31,1.0,K,92.26,1.0,['R'],C,92.285
GOOG,2023-01-17 10:08:15.636931+00:00,T,92.31,1.0,P,92.24,1.0,['R'],C,92.275
GOOG,2023-01-17 10:08:15.640002+00:00,T,92.31,1.0,T,92.26,1.0,['R'],C,92.285
GOOG,2023-01-17 10:08:15.745717+00:00,T,92.31,1.0,T,92.25,2.0,['R'],C,92.28
GOOG,2023-01-17 10:08:20.791809+00:00,T,92.31,1.0,P,92.26,1.0,['R'],C,92.285
GOOG,2023-01-17 10:09:02.736853+00:00,T,92.31,1.0,P,92.26,2.0,['R'],C,92.285
GOOG,2023-01-17 10:09:04.566614+00:00,T,92.31,1.0,P,92.26,1.0,['R'],C,92.285
GOOG,2023-01-17 10:09:12.313861+00:00,T,92.31,1.0,T,92.25,2.0,['R'],C,92.28
GOOG,2023-01-17 10:09:12.316768+00:00,T,92.31,1.0,P,92.27,1.0,['R'],C,92.28999999999999
GOOG,2023-01-17 10:09:41.229519+00:00,T,92.31,1.0,T,92.25,2.0,['R'],C,92.28
GOOG,2023-01-17 10:09:41.232411+00:00,T,92.31,1.0,P,92.27,1.0,['R'],C,92.28999999999999
GOOG,2023-01-17 10:09:46.326738+00:00,T,92.31,1.0,T,92.25,2.0,['R'],C,92.28
GOOG,2023-01-17 10:09:46.329635+00:00,T,92.31,1.0,P,92.26,1.0,['R'],C,92.285
GOOG,2023-01-17 10:09:51.817322+00:00,T,92.31,1.0,T,92.25,2.0,['R'],C,92.28
GOOG,2023-01-17 10:09:51.823622+00:00,T,92.31,1.0,P,92.26,1.0,['R'],C,92.285
GOOG,2023-01-17 10:09:56.823414+00:00,T,92.31,1.0,T,92.25,2.0,['R'],C,92.28
GOOG,2023-01-17 10:09:56.826309+00:00,T,92.31,1.0,P,92.27,1.0,['R'],C,92.28999999999999
GOOG,2023-01-17 10:10:10.713368+00:00,T,92.31,1.0,T,92.25,2.0,['R'],C,92.28
GOOG,2023-01-17 10:10:10.716009+00:00,T,92.31,1.0,P,92.26,1.0,['R'],C,92.285
GOOG,2023-01-17 10:10:15.724525+00:00,T,92.31,1.0,T,92.25,2.0,['R'],C,92.28
GOOG,2023-01-17 10:10:15.727597+00:00,T,92.31,1.0,P,92.27,1.0,['R'],C,92.28999999999999
GOOG,2023-01-17 10:10:24.795327+00:00,T,92.31,1.0,T,92.25,2.0,['R'],C,92.28
GOOG,2023-01-17 10:10:24.797913+00:00,T,92.31,1.0,P,92.27,1.0,['R'],C,92.28999999999999
GOOG,2023-01-17 10:10:26.070466+00:00,T,92.31,1.0,T,92.25,2.0,['R'],C,92.28
GOOG,2023-01-17 10:10:26.073927+00:00,T,92.31,1.0,P,92.27,1.0,['R'],C,92.28999999999999
GOOG,2023-01-17 10:10:36.698334+00:00,T,92.31,1.0,P,92.23,1.0,['R'],C,92.27000000000001
GOOG,2023-01-17 10:10:36.717907+00:00,T,92.31,1.0,P,92.26,1.0,['R'],C,92.285
GOOG,2023-01-17 10:10:58.401049+00:00,T,92.31,1.0,P,92.23,1.0,['R'],C,92.27000000000001
GOOG,2023-01-17 10:10:58.437199+00:00,T,92.31,1.0,P,92.27,1.0,['R'],C,92.28999999999999
GOOG,2023-01-17 10:11:04.175629+00:00,T,92.31,1.0,P,92.23,1.0,['R'],C,92.27000000000001
GOOG,2023-01-17 10:11:04.189438+00:00,T,92.31,1.0,P,92.26,1.0,['R'],C,92.285
GOOG,2023-01-17 10:11:09.189741+00:00,T,92.31,1.0,P,92.23,1.0,['R'],C,92.27000000000001
GOOG,2023-01-17 10:11:09.192254+00:00,T,92.31,1.0,P,92.27,1.0,['R'],C,92.28999999999999
GOOG,2023-01-17 10:11:13.737546+00:00,T,92.31,1.0,P,92.23,1.0,['R'],C,92.27000000000001
GOOG,2023-01-17 10:11:13.744713+00:00,T,92.31,1.0,P,92.26,1.0,['R'],C,92.285
GOOG,2023-01-17 10:11:18.744521+00:00,T,92.31,1.0,P,92.23,1.0,['R'],C,92.27000000000001
GOOG,2023-01-17 10:11:18.747308+00:00,T,92.31,1.0,P,92.27,1.0,['R'],C,92.28999999999999
GOOG,2023-01-17 10:11:29.649674+00:00,T,92.31,1.0,P,92.23,1.0,['R'],C,92.27000000000001
GOOG,2023-01-17 10:11:29.689981+00:00,T,92.31,1.0,P,92.26,1.0,['R'],C,92.285
GOOG,2023-01-17 10:11:42.336458+00:00,T,92.31,1.0,P,92.23,1.0,['R'],C,92.27000000000001
GOOG,2023-01-17 10:11:42.377999+00:00,T,92.31,1.0,P,92.27,1.0,['R'],C,92.28999999999999
GOOG,2023-01-17 10:11:42.611029+00:00,T,92.31,1.0,P,92.23,1.0,['R'],C,92.27000000000001
GOOG,2023-01-17 10:11:42.651942+00:00,T,92.31,1.0,P,92.26,1.0,['R'],C,92.285
GOOG,2023-01-17 10:11:59.778515+00:00,T,92.31,1.0,P,92.23,1.0,['R'],C,92.27000000000001
GOOG,2023-01-17 10:11:59.780853+00:00,T,92.31,1.0,P,92.25,1.0,['R'],C,92.28
GOOG,2023-01-17 10:12:09.780608+00:00,T,92.31,1.0,P,92.22,1.0,['R'],C,92.265
GOOG,2023-01-17 10:12:09.822127+00:00,T,92.31,1.0,P,92.26,1.0,['R'],C,92.285
GOOG,2023-01-17 10:12:09.824267+00:00,T,92.31,1.0,P,92.22,1.0,['R'],C,92.265
GOOG,2023-01-17 10:12:09.866179+00:00,T,92.31,1.0,P,92.25,1.0,['R'],C,92.28
GOOG,2023-01-17 10:12:19.865663+00:00,T,92.31,1.0,P,92.22,1.0,['R'],C,92.265
GOOG,2023-01-17 10:12:19.869058+00:00,T,92.31,1.0,P,92.26,1.0,['R'],C,92.285
GOOG,2023-01-17 10:12:22.118598+00:00,T,92.31,1.0,P,92.22,1.0,['R'],C,92.265
GOOG,2023-01-17 10:12:22.121373+00:00,T,92.31,1.0,P,92.25,1.0,['R'],C,92.28
GOOG,2023-01-17 10:12:36.402068+00:00,T,92.31,1.0,P,92.23,1.0,['R'],C,92.27000000000001
GOOG,2023-01-17 10:12:36.404712+00:00,T,92.31,1.0,P,92.27,1.0,['R'],C,92.28999999999999
GOOG,2023-01-17 10:12:42.765691+00:00,T,92.31,1.0,P,92.23,1.0,['R'],C,92.27000000000001
GOOG,2023-01-17 10:12:42.768446+00:00,T,92.31,1.0,P,92.26,1.0,['R'],C,92.285
GOOG,2023-01-17 10:13:01.238025+00:00,T,92.31,1.0,P,92.22,1.0,['R'],C,92.265
GOOG,2023-01-17 10:13:01.243050+00:00,T,92.31,1.0,P,92.24,1.0,['R'],C,92.275
GOOG,2023-01-17 10:13:03.864422+00:00,T,92.31,1.0,P,92.24,2.0,['R'],C,92.275
GOOG,2023-01-17 10:13:11.242571+00:00,T,92.31,1.0,P,92.24,1.0,['R'],C,92.275
GOOG,2023-01-17 10:13:11.243084+00:00,T,92.31,1.0,P,92.23,1.0,['R'],C,92.27000000000001
GOOG,2023-01-17 10:13:11.248279+00:00,T,92.31,1.0,P,92.26,1.0,['R'],C,92.285
GOOG,2023-01-17 10:13:21.248998+00:00,T,92.31,1.0,P,92.24,1.0,['R'],C,92.275
GOOG,2023-01-17 10:13:21.249146+00:00,T,92.31,1.0,P,92.25,1.0,['R'],C,92.28
GOOG,2023-01-17 10:13:21.249626+00:00,T,92.31,1.0,P,92.23,1.0,['R'],C,92.27000000000001
GOOG,2023-01-17 10:13:21.251459+00:00,T,92.31,1.0,P,92.27,1.0,['R'],C,92.28999999999999
GOOG,2023-01-17 10:13:23.383588+00:00,T,92.31,1.0,P,92.25,1.0,['R'],C,92.28
GOOG,2023-01-17 10:13:23.387284+00:00,T,92.31,1.0,P,92.26,1.0,['R'],C,92.285
GOOG,2023-01-17 10:13:27.109087+00:00,T,92.31,1.0,P,92.23,1.0,['R'],C,92.27000000000001
GOOG,2023-01-17 10:13:27.119169+00:00,T,92.31,1.0,P,92.24,1.0,['R'],C,92.275
GOOG,2023-01-17 10:13:32.119363+00:00,T,92.31,1.0,P,92.23,1.0,['R'],C,92.27000000000001
GOOG,2023-01-17 10:13:32.123306+00:00,T,92.31,1.0,P,92.27,1.0,['R'],C,92.28999999999999
GOOG,2023-01-17 10:13:37.052216+00:00,T,92.35,2.0,P,92.27,1.0,['R'],C,92.31
GOOG,2023-01-17 10:13:37.052251+00:00,T,92.35,2.0,T,92.28,1.0,['R'],C,92.315
GOOG,2023-01-17 10:13:37.052285+00:00,T,92.35,2.0,P,92.27,1.0,['R'],C,92.31
GOOG,2023-01-17 10:13:37.053039+00:00,P,92.35,1.0,P,92.27,1.0,['R'],C,92.31
GOOG,2023-01-17 10:13:37.054084+00:00,T,92.35,1.0,T,92.27,1.0,['R'],C,92.31
GOOG,2023-01-17 10:13:37.160001+00:00,T,92.35,1.0,T,92.27,2.0,['R'],C,92.31
GOOG,2023-01-17 10:13:41.342796+00:00,T,92.35,1.0,T,92.27,1.0,['R'],C,92.31
GOOG,2023-01-17 10:13:41.342925+00:00,T,92.35,1.0,P,92.27,1.0,['R'],C,92.31
GOOG,2023-01-17 10:13:54.507749+00:00,T,92.35,1.0,P,92.23,1.0,['R'],C,92.28999999999999
GOOG,2023-01-17 10:13:54.549111+00:00,T,92.35,1.0,P,92.28,1.0,['R'],C,92.315
GOOG,2023-01-17 10:14:15.946773+00:00,T,92.35,1.0,P,92.24,1.0,['R'],C,92.29499999999999
GOOG,2023-01-17 10:14:15.949478+00:00,T,92.35,1.0,P,92.27,1.0,['R'],C,92.31
GOOG,2023-01-17 10:14:26.502171+00:00,T,92.35,1.0,P,92.24,1.0,['R'],C,92.29499999999999
GOOG,2023-01-17 10:14:26.504759+00:00,T,92.35,1.0,P,92.28,1.0,['R'],C,92.315
GOOG,2023-01-17 10:14:26.553857+00:00,T,92.35,1.0,P,92.24,1.0,['R'],C,92.29499999999999
GOOG,2023-01-17 10:14:26.595181+00:00,T,92.35,1.0,P,92.27,1.0,['R'],C,92.31
GOOG,2023-01-17 10:14:41.409527+00:00,T,92.35,1.0,P,92.25,1.0,['R'],C,92.3
GOOG,2023-01-17 10:14:41.438165+00:00,T,92.35,1.0,P,92.28,1.0,['R'],C,92.315
GOOG,2023-01-17 10:14:48.391302+00:00,T,92.35,1.0,P,92.25,1.0,['R'],C,92.3
GOOG,2023-01-17 10:14:48.394292+00:00,T,92.35,1.0,P,92.27,1.0,['R'],C,92.31
GOOG,2023-01-17 10:14:54.248156+00:00,T,92.35,1.0,T,92.23,2.0,['R'],C,92.28999999999999
GOOG,2023-01-17 10:14:54.251073+00:00,T,92.35,1.0,P,92.26,1.0,['R'],C,92.305
GOOG,2023-01-17 10:14:59.251422+00:00,T,92.35,1.0,P,92.23,1.0,['R'],C,92.28999999999999
GOOG,2023-01-17 10:14:59.254224+00:00,T,92.35,1.0,P,92.27,1.0,['R'],C,92.31
GOOG,2023-01-17 10:15:00.296480+00:00,T,92.35,1.0,P,92.23,1.0,['R'],C,92.28999999999999
GOOG,2023-01-17 10:15:00.339227+00:00,T,92.35,1.0,P,92.27,1.0,['R'],C,92.31
GOOG,2023-01-17 10:15:01.240284+00:00,T,92.35,1.0,P,92.23,1.0,['R'],C,92.28999999999999
GOOG,2023-01-17 10:15:01.281617+00:00,T,92.35,1.0,P,92.26,1.0,['R'],C,92.305
GOOG,2023-01-17 10:15:01.842305+00:00,T,92.35,1.0,P,92.23,1.0,['R'],C,92.28999999999999
GOOG,2023-01-17 10:15:01.866097+00:00,T,92.35,1.0,P,92.25,1.0,['R'],C,92.3
GOOG,2023-01-17 10:15:06.230413+00:00,T,92.35,1.0,P,92.23,1.0,['R'],C,92.28999999999999
GOOG,2023-01-17 10:15:06.255654+00:00,T,92.35,1.0,P,92.24,1.0,['R'],C,92.29499999999999
GOOG,2023-01-17 10:15:07.042902+00:00,T,92.35,1.0,P,92.24,2.0,['R'],C,92.29499999999999
GOOG,2023-01-17 10:15:11.254342+00:00,T,92.35,1.0,P,92.24,1.0,['R'],C,92.29499999999999
GOOG,2023-01-17 10:15:11.294992+00:00,T,92.35,1.0,P,92.27,1.0,['R'],C,92.31
GOOG,2023-01-17 10:15:16.176390+00:00,T,92.35,1.0,P,92.24,1.0,['R'],C,92.29499999999999
GOOG,2023-01-17 10:15:16.179138+00:00,T,92.35,1.0,P,92.27,1.0,['R'],C,92.31
GOOG,2023-01-17 10:15:57.945605+00:00,T,92.35,1.0,P,92.28,1.0,['R'],C,92.315
GOOG,2023-01-17 10:15:57.951302+00:00,T,92.35,1.0,P,92.29,1.0,['R'],C,92.32
GOOG,2023-01-17 10:16:00.610631+00:00,T,92.35,1.0,P,92.28,1.0,['R'],C,92.315
GOOG,2023-01-17 10:16:00.613858+00:00,T,92.35,1.0,P,92.28,2.0,['R'],C,92.315
GOOG,2023-01-17 10:16:06.129594+00:00,T,92.35,1.0,P,92.28,1.0,['R'],C,92.315
GOOG,2023-01-17 10:16:06.132673+00:00,T,92.35,1.0,P,92.29,1.0,['R'],C,92.32
GOOG,2023-01-17 10:16:20.629801+00:00,T,92.35,1.0,T,92.28,1.0,['R'],C,92.315
GOOG,2023-01-17 10:16:20.630437+00:00,T,92.35,1.0,T,92.26,2.0,['R'],C,92.305
GOOG,2023-01-17 10:16:20.632309+00:00,T,92.35,1.0,P,92.27,1.0,['R'],C,92.31
