_symbol,_timestamp,_ask_exchange,_ask_price,_ask_size,_bid_exchange,_bid_price,_bid_size,_conditions,_tape,market_price
META,2023-01-17 09:00:00.006974+00:00,T,0.0,0.0,T,135.75,2.0,['R'],C,67.875
META,2023-01-17 09:00:00.007087+00:00,T,136.31,2.0,T,135.75,2.0,['R'],C,136.03
META,2023-01-17 09:00:00.023241+00:00,T,136.31,2.0,K,136.0,1.0,['R'],C,136.155
META,2023-01-17 09:00:00.023403+00:00,T,136.31,2.0,K,136.71,2.0,['R'],C,136.51
META,2023-01-17 09:00:00.024514+00:00,T,136.31,2.0,K,136.71,3.0,['R'],C,136.51
META,2023-01-17 09:00:00.028985+00:00,T,136.31,2.0,K,136.71,4.0,['R'],C,136.51
META,2023-01-17 09:00:00.030180+00:00,T,136.31,2.0,K,136.74,1.0,['R'],C,136.525
META,2023-01-17 09:00:00.052178+00:00,T,136.31,2.0,K,136.71,3.0,['R'],C,136.51
META,2023-01-17 09:00:00.052194+00:00,T,136.31,2.0,K,136.71,1.0,['R'],C,136.51
META,2023-01-17 09:00:00.052201+00:00,T,136.31,2.0,K,136.7,1.0,['R'],C,136.505
META,2023-01-17 09:00:00.086648+00:00,P,136.56,2.0,K,136.7,1.0,['R'],C,136.63
META,2023-01-17 09:00:00.092582+00:00,P,136.58,2.0,K,136.7,1.0,['R'],C,136.64
META,2023-01-17 09:00:00.092590+00:00,K,137.19,2.0,K,136.7,1.0,['R'],C,136.945
META,2023-01-17 09:00:00.112410+00:00,K,137.19,2.0,K,136.0,1.0,['R'],C,136.595
META,2023-01-17 09:00:00.489592+00:00,K,137.19,2.0,P,136.05,1.0,['R'],C,136.62
META,2023-01-17 09:00:00.490426+00:00,P,136.54,1.0,P,136.05,1.0,['R'],C,136.29500000000002
META,2023-01-17 09:00:00.497332+00:00,P,136.54,1.0,K,136.0,1.0,['R'],C,136.26999999999998
META,2023-01-17 09:00:00.651522+00:00,P,136.54,1.0,T,136.19,1.0,['R'],C,136.365
META,2023-01-17 09:00:00.651568+00:00,P,136.54,1.0,K,136.0,1.0,['R'],C,136.26999999999998
META,2023-01-17 09:00:00.651613+00:00,K,137.19,2.0,K,136.0,1.0,['R'],C,136.595
META,2023-01-17 09:00:00.651661+00:00,K,137.19,2.0,P,136.19,1.0,['R'],C,136.69
META,2023-01-17 09:00:00.651761+00:00,K,137.19,2.0,K,136.19,1.0,['R'],C,136.69
META,2023-01-17 09:00:00.656764+00:00,K,137.19,2.0,K,136.0,1.0,['R'],C,136.595
META,2023-01-17 09:00:00.732734+00:00,P,136.81,1.0,K,136.0,1.0,['R'],C,136.405
META,2023-01-17 09:00:00.740621+00:00,K,137.19,2.0,K,136.0,1.0,['R'],C,136.595
META,2023-01-17 09:00:01.006698+00:00,K,137.19,2.0,T,136.04,2.0,['R'],C,136.615
META,2023-01-17 09:00:01.051306+00:00,T,136.73,2.0,T,136.04,2.0,['R'],C,136.385
META,2023-01-17 09:00:01.628590+00:00,T,136.73,2.0,P,136.05,1.0,['R'],C,136.39
META,2023-01-17 09:00:01.640575+00:00,P,136.55,1.0,P,136.05,1.0,['R'],C,136.3
META,2023-01-17 09:00:01.929852+00:00,P,136.55,1.0,T,136.04,2.0,['R'],C,136.29500000000002
META,2023-01-17 09:00:02.004438+00:00,P,136.55,1.0,T,136.06,2.0,['R'],C,136.305
META,2023-01-17 09:00:02.368914+00:00,T,136.65,2.0,T,136.06,2.0,['R'],C,136.35500000000002
META,2023-01-17 09:00:03.004616+00:00,T,136.65,2.0,K,136.0,1.0,['R'],C,136.325
META,2023-01-17 09:00:03.057697+00:00,T,136.65,2.0,T,136.01,2.0,['R'],C,136.32999999999998
META,2023-01-17 09:00:03.265119+00:00,P,136.74,1.0,T,136.01,2.0,['R'],C,136.375
META,2023-01-17 09:00:03.284064+00:00,T,136.64,2.0,T,136.01,2.0,['R'],C,136.325
META,2023-01-17 09:00:03.545730+00:00,T,136.63,2.0,T,136.01,2.0,['R'],C,136.32
META,2023-01-17 09:00:04.018359+00:00,P,136.49,1.0,T,136.01,2.0,['R'],C,136.25
META,2023-01-17 09:00:04.500592+00:00,T,136.63,2.0,T,136.01,2.0,['R'],C,136.32
META,2023-01-17 09:00:05.107612+00:00,K,136.61,2.0,T,136.01,2.0,['R'],C,136.31
META,2023-01-17 09:00:05.136360+00:00,T,136.57,2.0,T,136.01,2.0,['R'],C,136.29
META,2023-01-17 09:00:05.249856+00:00,T,136.54,2.0,T,136.01,2.0,['R'],C,136.27499999999998
META,2023-01-17 09:00:08.176062+00:00,T,136.55,1.0,T,136.01,2.0,['R'],C,136.28
META,2023-01-17 09:00:08.178023+00:00,P,136.74,1.0,T,136.01,2.0,['R'],C,136.375
META,2023-01-17 09:00:08.303988+00:00,P,136.74,1.0,T,136.02,2.0,['R'],C,136.38
META,2023-01-17 09:00:08.410155+00:00,P,136.74,1.0,T,136.03,2.0,['R'],C,136.385
META,2023-01-17 09:00:08.418249+00:00,P,136.74,1.0,T,136.09,2.0,['R'],C,136.41500000000002
META,2023-01-17 09:00:08.456391+00:00,P,136.74,1.0,T,136.2,1.0,['R'],C,136.47
META,2023-01-17 09:00:08.456435+00:00,P,136.74,1.0,T,136.09,2.0,['R'],C,136.41500000000002
META,2023-01-17 09:00:08.507217+00:00,P,136.74,1.0,T,136.12,2.0,['R'],C,136.43
META,2023-01-17 09:00:08.629078+00:00,P,136.74,1.0,T,136.13,2.0,['R'],C,136.435
META,2023-01-17 09:00:11.299337+00:00,T,136.68,2.0,T,136.13,2.0,['R'],C,136.405
META,2023-01-17 09:00:12.107527+00:00,P,136.74,1.0,T,136.13,2.0,['R'],C,136.435
META,2023-01-17 09:00:13.365955+00:00,P,136.61,1.0,T,136.13,2.0,['R'],C,136.37
META,2023-01-17 09:00:15.357489+00:00,P,136.61,1.0,K,136.0,1.0,['R'],C,136.305
META,2023-01-17 09:00:15.357502+00:00,P,136.61,1.0,T,136.02,2.0,['R'],C,136.315
META,2023-01-17 09:00:15.683204+00:00,P,136.61,1.0,T,136.03,2.0,['R'],C,136.32
META,2023-01-17 09:00:15.870946+00:00,P,136.61,1.0,P,136.05,1.0,['R'],C,136.33
META,2023-01-17 09:00:15.871035+00:00,P,136.56,1.0,P,136.05,1.0,['R'],C,136.305
META,2023-01-17 09:00:20.871686+00:00,T,136.61,2.0,P,136.05,1.0,['R'],C,136.33
META,2023-01-17 09:00:20.913248+00:00,P,136.55,1.0,P,136.05,1.0,['R'],C,136.3
META,2023-01-17 09:00:24.125718+00:00,P,136.55,1.0,T,136.04,2.0,['R'],C,136.29500000000002
META,2023-01-17 09:00:25.913980+00:00,P,136.61,1.0,T,136.04,2.0,['R'],C,136.325
META,2023-01-17 09:00:25.955369+00:00,P,136.54,1.0,T,136.04,2.0,['R'],C,136.29
META,2023-01-17 09:00:31.217842+00:00,T,136.59,2.0,T,136.04,2.0,['R'],C,136.315
META,2023-01-17 09:00:31.259331+00:00,P,136.53,1.0,T,136.04,2.0,['R'],C,136.285
META,2023-01-17 09:00:36.632993+00:00,P,136.61,1.0,T,136.04,2.0,['R'],C,136.325
META,2023-01-17 09:00:36.636073+00:00,P,136.5,1.0,T,136.04,2.0,['R'],C,136.26999999999998
META,2023-01-17 09:00:42.781135+00:00,P,136.5,1.0,T,136.18,1.0,['R'],C,136.34
META,2023-01-17 09:00:42.781214+00:00,P,136.5,1.0,T,136.04,2.0,['R'],C,136.26999999999998
META,2023-01-17 09:00:42.781227+00:00,P,136.61,1.0,T,136.04,2.0,['R'],C,136.325
META,2023-01-17 09:00:42.781283+00:00,P,136.61,1.0,P,136.18,1.0,['R'],C,136.395
META,2023-01-17 09:00:42.781451+00:00,P,136.61,1.0,K,136.18,1.0,['R'],C,136.395
META,2023-01-17 09:00:42.786295+00:00,P,136.61,1.0,T,136.04,2.0,['R'],C,136.325
META,2023-01-17 09:00:43.692579+00:00,T,136.59,2.0,T,136.04,2.0,['R'],C,136.315
META,2023-01-17 09:00:45.464627+00:00,T,136.58,2.0,T,136.04,2.0,['R'],C,136.31
META,2023-01-17 09:00:45.786108+00:00,P,136.54,1.0,T,136.04,2.0,['R'],C,136.29
META,2023-01-17 09:00:50.785584+00:00,T,136.56,2.0,T,136.04,2.0,['R'],C,136.3
META,2023-01-17 09:00:50.826861+00:00,T,136.56,2.0,P,136.05,1.0,['R'],C,136.305
META,2023-01-17 09:00:51.362382+00:00,P,136.52,1.0,P,136.05,1.0,['R'],C,136.28500000000003
META,2023-01-17 09:00:55.459811+00:00,P,136.56,1.0,P,136.05,1.0,['R'],C,136.305
META,2023-01-17 09:00:55.538565+00:00,P,136.61,2.0,P,136.05,1.0,['R'],C,136.33
META,2023-01-17 09:00:55.538685+00:00,P,136.59,1.0,P,136.05,1.0,['R'],C,136.32
META,2023-01-17 09:00:55.597206+00:00,T,136.58,2.0,P,136.05,1.0,['R'],C,136.315
META,2023-01-17 09:00:59.039012+00:00,T,136.58,2.0,T,136.04,2.0,['R'],C,136.31
META,2023-01-17 09:00:59.115921+00:00,T,136.58,2.0,P,136.04,1.0,['R'],C,136.31
META,2023-01-17 09:00:59.120685+00:00,T,136.58,2.0,K,136.0,1.0,['R'],C,136.29000000000002
META,2023-01-17 09:00:59.165357+00:00,T,136.57,2.0,K,136.0,1.0,['R'],C,136.285
META,2023-01-17 09:00:59.174518+00:00,P,136.51,1.0,K,136.0,1.0,['R'],C,136.255
META,2023-01-17 09:00:59.175390+00:00,K,136.6,2.0,K,136.0,1.0,['R'],C,136.3
META,2023-01-17 09:00:59.175609+00:00,P,136.61,1.0,K,136.0,1.0,['R'],C,136.305
META,2023-01-17 09:00:59.278263+00:00,T,136.56,2.0,K,136.0,1.0,['R'],C,136.28
META,2023-01-17 09:00:59.791064+00:00,K,136.55,2.0,K,136.0,1.0,['R'],C,136.275
META,2023-01-17 09:00:59.911109+00:00,P,136.61,1.0,K,136.0,1.0,['R'],C,136.305
META,2023-01-17 09:00:59.938655+00:00,P,136.61,1.0,P,136.04,1.0,['R'],C,136.325
META,2023-01-17 09:01:00.013287+00:00,T,136.58,2.0,P,136.04,1.0,['R'],C,136.31
META,2023-01-17 09:01:01.164336+00:00,T,136.58,2.0,T,136.04,6.0,['R'],C,136.31
META,2023-01-17 09:01:02.211537+00:00,P,136.55,1.0,T,136.04,6.0,['R'],C,136.29500000000002
META,2023-01-17 09:01:05.671619+00:00,T,136.55,2.0,T,136.04,6.0,['R'],C,136.29500000000002
META,2023-01-17 09:01:07.213914+00:00,P,136.53,1.0,T,136.04,6.0,['R'],C,136.285
META,2023-01-17 09:01:12.767950+00:00,T,136.55,2.0,T,136.04,6.0,['R'],C,136.29500000000002
META,2023-01-17 09:01:12.771070+00:00,P,136.53,1.0,T,136.04,6.0,['R'],C,136.285
META,2023-01-17 09:01:14.293129+00:00,P,136.53,1.0,P,136.05,1.0,['R'],C,136.29000000000002
META,2023-01-17 09:01:14.975031+00:00,P,136.53,1.0,T,136.04,6.0,['R'],C,136.285
META,2023-01-17 09:01:17.770940+00:00,T,136.57,2.0,T,136.04,6.0,['R'],C,136.305
META,2023-01-17 09:01:18.618499+00:00,P,136.51,1.0,T,136.04,6.0,['R'],C,136.27499999999998
META,2023-01-17 09:01:23.609623+00:00,T,136.57,2.0,T,136.04,6.0,['R'],C,136.305
META,2023-01-17 09:01:24.982288+00:00,T,136.57,2.0,P,136.05,1.0,['R'],C,136.31
META,2023-01-17 09:01:25.372315+00:00,P,136.55,1.0,P,136.05,1.0,['R'],C,136.3
META,2023-01-17 09:01:26.816994+00:00,P,136.55,1.0,T,136.04,6.0,['R'],C,136.29500000000002
META,2023-01-17 09:01:28.492839+00:00,T,136.55,2.0,T,136.04,6.0,['R'],C,136.29500000000002
META,2023-01-17 09:01:34.960869+00:00,T,136.55,2.0,P,136.05,1.0,['R'],C,136.3
META,2023-01-17 09:01:44.200453+00:00,T,136.55,2.0,T,136.04,6.0,['R'],C,136.29500000000002
META,2023-01-17 09:01:44.208055+00:00,T,136.55,2.0,P,136.06,1.0,['R'],C,136.305
META,2023-01-17 09:01:45.693067+00:00,T,136.55,2.0,T,136.04,6.0,['R'],C,136.29500000000002
META,2023-01-17 09:01:45.734860+00:00,T,136.55,2.0,P,136.05,1.0,['R'],C,136.3
META,2023-01-17 09:01:46.136870+00:00,T,136.55,2.0,T,136.04,6.0,['R'],C,136.29500000000002
META,2023-01-17 09:01:46.178469+00:00,T,136.55,2.0,P,136.06,1.0,['R'],C,136.305
META,2023-01-17 09:01:55.131831+00:00,T,136.55,2.0,T,136.04,8.0,['R'],C,136.29500000000002
META,2023-01-17 09:01:55.160071+00:00,T,136.55,2.0,P,136.08,1.0,['R'],C,136.315
META,2023-01-17 09:02:00.109470+00:00,T,136.55,2.0,T,136.04,8.0,['R'],C,136.29500000000002
META,2023-01-17 09:02:00.127143+00:00,T,136.55,2.0,P,136.08,1.0,['R'],C,136.315
META,2023-01-17 09:02:00.252239+00:00,T,136.55,2.0,T,136.04,8.0,['R'],C,136.29500000000002
META,2023-01-17 09:02:00.255814+00:00,T,136.55,2.0,P,136.05,1.0,['R'],C,136.3
META,2023-01-17 09:02:00.312376+00:00,T,136.55,2.0,T,136.05,2.0,['R'],C,136.3
META,2023-01-17 09:02:01.514843+00:00,T,136.55,2.0,T,136.06,2.0,['R'],C,136.305
META,2023-01-17 09:02:05.259110+00:00,T,136.55,2.0,P,136.08,1.0,['R'],C,136.315
META,2023-01-17 09:02:07.077198+00:00,T,136.51,4.0,P,136.08,1.0,['R'],C,136.29500000000002
META,2023-01-17 09:02:09.752161+00:00,T,136.51,4.0,T,136.06,2.0,['R'],C,136.285
META,2023-01-17 09:02:09.769984+00:00,T,136.51,4.0,P,136.07,1.0,['R'],C,136.29
META,2023-01-17 09:02:17.091148+00:00,T,136.51,4.0,T,136.06,2.0,['R'],C,136.285
META,2023-01-17 09:02:17.094698+00:00,T,136.51,4.0,P,136.11,1.0,['R'],C,136.31
META,2023-01-17 09:02:17.242948+00:00,T,136.51,4.0,T,136.06,2.0,['R'],C,136.285
META,2023-01-17 09:02:17.284204+00:00,T,136.51,4.0,P,136.11,1.0,['R'],C,136.31
META,2023-01-17 09:02:17.448254+00:00,T,136.51,4.0,T,136.06,2.0,['R'],C,136.285
META,2023-01-17 09:02:17.456966+00:00,T,136.51,4.0,P,136.1,1.0,['R'],C,136.305
META,2023-01-17 09:02:22.352336+00:00,T,136.51,4.0,T,136.06,2.0,['R'],C,136.285
META,2023-01-17 09:02:32.424348+00:00,P,136.47,1.0,T,136.06,2.0,['R'],C,136.265
META,2023-01-17 09:02:33.025224+00:00,P,136.47,1.0,P,136.07,1.0,['R'],C,136.26999999999998
META,2023-01-17 09:02:34.849131+00:00,P,136.47,1.0,T,136.06,2.0,['R'],C,136.265
META,2023-01-17 09:02:39.894199+00:00,P,136.47,1.0,P,136.07,1.0,['R'],C,136.26999999999998
META,2023-01-17 09:02:47.910246+00:00,T,136.51,4.0,P,136.07,1.0,['R'],C,136.29
META,2023-01-17 09:03:08.160017+00:00,T,136.51,4.0,T,136.06,2.0,['R'],C,136.285
META,2023-01-17 09:03:08.162983+00:00,T,136.51,4.0,P,136.11,1.0,['R'],C,136.31
META,2023-01-17 09:03:14.959417+00:00,T,136.51,4.0,T,136.04,6.0,['R'],C,136.27499999999998
META,2023-01-17 09:03:14.962236+00:00,T,136.51,4.0,P,136.11,1.0,['R'],C,136.31
META,2023-01-17 09:03:22.728199+00:00,P,136.44,1.0,P,136.11,1.0,['R'],C,136.275
META,2023-01-17 09:03:22.973163+00:00,P,136.44,1.0,T,136.07,2.0,['R'],C,136.255
META,2023-01-17 09:03:23.012619+00:00,P,136.44,1.0,P,136.1,1.0,['R'],C,136.26999999999998
META,2023-01-17 09:03:25.777952+00:00,P,136.44,1.0,T,136.07,2.0,['R'],C,136.255
META,2023-01-17 09:03:30.804715+00:00,P,136.44,1.0,P,136.11,1.0,['R'],C,136.275
META,2023-01-17 09:03:33.348462+00:00,P,136.44,1.0,T,136.07,2.0,['R'],C,136.255
META,2023-01-17 09:03:33.359055+00:00,P,136.44,1.0,P,136.1,1.0,['R'],C,136.26999999999998
META,2023-01-17 09:03:33.461776+00:00,P,136.44,1.0,T,136.07,2.0,['R'],C,136.255
META,2023-01-17 09:03:33.503311+00:00,P,136.44,1.0,P,136.1,1.0,['R'],C,136.26999999999998
META,2023-01-17 09:03:33.512138+00:00,P,136.44,1.0,T,136.07,2.0,['R'],C,136.255
META,2023-01-17 09:03:38.758411+00:00,P,136.44,1.0,P,136.11,1.0,['R'],C,136.275
META,2023-01-17 09:03:38.885468+00:00,P,136.44,1.0,T,136.07,2.0,['R'],C,136.255
META,2023-01-17 09:03:38.926748+00:00,P,136.44,1.0,P,136.1,1.0,['R'],C,136.26999999999998
META,2023-01-17 09:03:48.886721+00:00,P,136.44,1.0,T,136.07,2.0,['R'],C,136.255
META,2023-01-17 09:03:48.889299+00:00,P,136.44,1.0,P,136.11,1.0,['R'],C,136.275
META,2023-01-17 09:03:51.504048+00:00,P,136.44,1.0,T,136.07,2.0,['R'],C,136.255
META,2023-01-17 09:03:51.507585+00:00,P,136.44,1.0,P,136.1,1.0,['R'],C,136.26999999999998
META,2023-01-17 09:03:55.739689+00:00,T,136.51,4.0,P,136.1,1.0,['R'],C,136.305
META,2023-01-17 09:03:56.507369+00:00,T,136.51,4.0,T,136.07,2.0,['R'],C,136.29
META,2023-01-17 09:03:56.510091+00:00,T,136.51,4.0,P,136.11,1.0,['R'],C,136.31
META,2023-01-17 09:03:59.252538+00:00,T,136.51,4.0,T,136.07,2.0,['R'],C,136.29
META,2023-01-17 09:03:59.293294+00:00,T,136.51,4.0,P,136.1,1.0,['R'],C,136.305
META,2023-01-17 09:04:02.735165+00:00,T,136.51,4.0,T,136.07,2.0,['R'],C,136.29
META,2023-01-17 09:04:09.275829+00:00,T,136.51,4.0,P,136.11,1.0,['R'],C,136.31
META,2023-01-17 09:04:09.734449+00:00,T,136.51,4.0,T,136.07,2.0,['R'],C,136.29
META,2023-01-17 09:04:09.737430+00:00,T,136.51,4.0,P,136.1,1.0,['R'],C,136.305
META,2023-01-17 09:04:09.991647+00:00,T,136.51,4.0,T,136.07,2.0,['R'],C,136.29
META,2023-01-17 09:04:20.490314+00:00,T,136.51,4.0,P,136.11,1.0,['R'],C,136.31
META,2023-01-17 09:04:20.704348+00:00,T,136.51,4.0,T,136.07,2.0,['R'],C,136.29
META,2023-01-17 09:04:26.970641+00:00,T,136.51,4.0,P,136.11,1.0,['R'],C,136.31
META,2023-01-17 09:04:27.830290+00:00,T,136.51,4.0,T,136.07,2.0,['R'],C,136.29
META,2023-01-17 09:04:27.833591+00:00,T,136.51,4.0,P,136.11,1.0,['R'],C,136.31
META,2023-01-17 09:04:29.337534+00:00,T,136.51,4.0,T,136.07,2.0,['R'],C,136.29
META,2023-01-17 09:04:29.379136+00:00,T,136.51,4.0,P,136.1,1.0,['R'],C,136.305
META,2023-01-17 09:04:30.832827+00:00,T,136.51,4.0,T,136.07,2.0,['R'],C,136.29
META,2023-01-17 09:04:37.468259+00:00,T,136.51,4.0,P,136.1,1.0,['R'],C,136.305
META,2023-01-17 09:04:37.959702+00:00,T,136.51,4.0,T,136.07,2.0,['R'],C,136.29
META,2023-01-17 09:04:58.260902+00:00,P,136.49,1.0,T,136.07,2.0,['R'],C,136.28
META,2023-01-17 09:05:03.269094+00:00,T,136.51,4.0,T,136.07,2.0,['R'],C,136.29
META,2023-01-17 09:05:03.333166+00:00,T,136.51,4.0,P,136.05,1.0,['R'],C,136.28
META,2023-01-17 09:05:03.338654+00:00,T,136.51,4.0,T,136.04,6.0,['R'],C,136.27499999999998
META,2023-01-17 09:05:03.403226+00:00,T,136.51,6.0,T,136.04,6.0,['R'],C,136.27499999999998
META,2023-01-17 09:05:06.396633+00:00,T,136.5,2.0,T,136.04,6.0,['R'],C,136.26999999999998
META,2023-01-17 09:05:25.379636+00:00,P,136.48,1.0,T,136.04,6.0,['R'],C,136.26
META,2023-01-17 09:05:29.646034+00:00,P,136.48,1.0,P,136.05,1.0,['R'],C,136.265
META,2023-01-17 09:05:31.277724+00:00,T,136.49,2.0,P,136.05,1.0,['R'],C,136.27
META,2023-01-17 09:05:47.233031+00:00,P,136.49,1.0,P,136.05,1.0,['R'],C,136.27
META,2023-01-17 09:05:50.285093+00:00,T,136.49,2.0,P,136.05,1.0,['R'],C,136.27
META,2023-01-17 09:05:52.206235+00:00,T,136.49,2.0,T,136.04,6.0,['R'],C,136.265
META,2023-01-17 09:05:52.214614+00:00,T,136.49,2.0,P,136.11,1.0,['R'],C,136.3
META,2023-01-17 09:05:52.255941+00:00,T,136.49,2.0,T,136.04,6.0,['R'],C,136.265
META,2023-01-17 09:05:52.265597+00:00,P,136.49,1.0,T,136.04,6.0,['R'],C,136.265
META,2023-01-17 09:05:52.286520+00:00,P,136.49,1.0,P,136.05,1.0,['R'],C,136.27
META,2023-01-17 09:05:55.318438+00:00,T,136.49,2.0,P,136.05,1.0,['R'],C,136.27
META,2023-01-17 09:06:03.635717+00:00,T,136.49,2.0,T,136.04,6.0,['R'],C,136.265
META,2023-01-17 09:06:03.639400+00:00,T,136.49,2.0,P,136.11,1.0,['R'],C,136.3
META,2023-01-17 09:06:04.355523+00:00,T,136.49,2.0,T,136.04,6.0,['R'],C,136.265
META,2023-01-17 09:06:04.362155+00:00,T,136.49,2.0,P,136.05,1.0,['R'],C,136.27
META,2023-01-17 09:06:14.362343+00:00,T,136.49,2.0,T,136.04,6.0,['R'],C,136.265
META,2023-01-17 09:06:14.383219+00:00,T,136.49,2.0,P,136.12,1.0,['R'],C,136.305
META,2023-01-17 09:06:15.629834+00:00,P,136.48,1.0,P,136.12,1.0,['R'],C,136.3
META,2023-01-17 09:06:15.684291+00:00,T,136.48,2.0,P,136.12,1.0,['R'],C,136.3
META,2023-01-17 09:06:34.813335+00:00,T,136.48,2.0,T,136.04,6.0,['R'],C,136.26
META,2023-01-17 09:06:34.835049+00:00,T,136.48,2.0,P,136.12,1.0,['R'],C,136.3
META,2023-01-17 09:06:34.879480+00:00,P,136.48,1.0,P,136.12,1.0,['R'],C,136.3
META,2023-01-17 09:06:37.198763+00:00,P,136.48,1.0,T,136.04,6.0,['R'],C,136.26
META,2023-01-17 09:06:37.201846+00:00,P,136.48,1.0,P,136.12,1.0,['R'],C,136.3
META,2023-01-17 09:06:37.268624+00:00,P,136.48,1.0,T,136.04,6.0,['R'],C,136.26
META,2023-01-17 09:06:37.271828+00:00,P,136.48,1.0,P,136.11,1.0,['R'],C,136.29500000000002
META,2023-01-17 09:06:37.935360+00:00,T,136.48,2.0,P,136.11,1.0,['R'],C,136.29500000000002
META,2023-01-17 09:06:39.136209+00:00,T,136.48,2.0,T,136.04,6.0,['R'],C,136.26
META,2023-01-17 09:06:39.176499+00:00,T,136.48,2.0,P,136.05,1.0,['R'],C,136.265
META,2023-01-17 09:06:39.202311+00:00,T,136.48,2.0,T,136.04,6.0,['R'],C,136.26
META,2023-01-17 09:06:39.210175+00:00,T,136.48,2.0,P,136.05,1.0,['R'],C,136.265
META,2023-01-17 09:06:42.384182+00:00,T,136.48,2.0,T,136.04,6.0,['R'],C,136.26
META,2023-01-17 09:06:45.708420+00:00,P,136.46,1.0,T,136.04,6.0,['R'],C,136.25
META,2023-01-17 09:06:45.763212+00:00,T,136.46,2.0,T,136.04,6.0,['R'],C,136.25
META,2023-01-17 09:06:46.308194+00:00,T,136.46,2.0,P,136.05,1.0,['R'],C,136.255
META,2023-01-17 09:06:47.049216+00:00,T,136.46,2.0,T,136.04,6.0,['R'],C,136.25
META,2023-01-17 09:07:01.163298+00:00,P,136.45,1.0,T,136.04,6.0,['R'],C,136.245
META,2023-01-17 09:07:01.221219+00:00,T,136.45,2.0,T,136.04,6.0,['R'],C,136.245
META,2023-01-17 09:07:06.167448+00:00,P,136.44,1.0,T,136.04,6.0,['R'],C,136.24
META,2023-01-17 09:07:06.224283+00:00,T,136.44,2.0,T,136.04,6.0,['R'],C,136.24
META,2023-01-17 09:07:13.500376+00:00,T,136.44,2.0,P,136.05,1.0,['R'],C,136.245
META,2023-01-17 09:07:16.139328+00:00,T,136.44,2.0,T,136.04,6.0,['R'],C,136.24
META,2023-01-17 09:07:16.142062+00:00,T,136.44,2.0,P,136.05,1.0,['R'],C,136.245
META,2023-01-17 09:07:38.875689+00:00,P,136.46,1.0,P,136.05,1.0,['R'],C,136.255
META,2023-01-17 09:07:38.929115+00:00,P,136.46,1.0,T,136.04,6.0,['R'],C,136.25
META,2023-01-17 09:07:38.931705+00:00,P,136.46,1.0,P,136.05,1.0,['R'],C,136.255
META,2023-01-17 09:07:40.793215+00:00,T,136.51,4.0,P,136.05,1.0,['R'],C,136.28
META,2023-01-17 09:07:40.834060+00:00,P,136.48,1.0,P,136.05,1.0,['R'],C,136.265
META,2023-01-17 09:07:41.927234+00:00,T,136.48,2.0,P,136.05,1.0,['R'],C,136.265
META,2023-01-17 09:07:42.337770+00:00,T,136.46,2.0,P,136.05,1.0,['R'],C,136.255
META,2023-01-17 09:07:42.503100+00:00,P,136.48,1.0,P,136.05,1.0,['R'],C,136.265
META,2023-01-17 09:07:45.560244+00:00,T,136.48,2.0,P,136.05,1.0,['R'],C,136.265
META,2023-01-17 09:07:45.739695+00:00,T,136.47,2.0,P,136.05,1.0,['R'],C,136.26
META,2023-01-17 09:07:55.356008+00:00,T,136.46,2.0,P,136.05,1.0,['R'],C,136.255
META,2023-01-17 09:08:02.759858+00:00,P,136.47,1.0,P,136.05,1.0,['R'],C,136.26
META,2023-01-17 09:08:03.141473+00:00,T,136.51,4.0,P,136.05,1.0,['R'],C,136.28
META,2023-01-17 09:08:03.144779+00:00,P,136.46,1.0,P,136.05,1.0,['R'],C,136.255
META,2023-01-17 09:08:03.469482+00:00,T,136.45,2.0,P,136.05,1.0,['R'],C,136.25
META,2023-01-17 09:08:07.637314+00:00,T,136.45,2.0,T,136.04,6.0,['R'],C,136.245
META,2023-01-17 09:08:20.644557+00:00,T,136.45,2.0,P,136.05,1.0,['R'],C,136.25
META,2023-01-17 09:08:20.994439+00:00,T,136.45,2.0,T,136.04,6.0,['R'],C,136.245
META,2023-01-17 09:08:20.997029+00:00,T,136.45,2.0,P,136.05,1.0,['R'],C,136.25
META,2023-01-17 09:08:23.485261+00:00,T,136.45,2.0,T,136.04,6.0,['R'],C,136.245
META,2023-01-17 09:08:31.486327+00:00,P,136.44,1.0,T,136.04,6.0,['R'],C,136.24
META,2023-01-17 09:08:31.540970+00:00,T,136.44,2.0,T,136.04,6.0,['R'],C,136.24
META,2023-01-17 09:08:33.490693+00:00,T,136.44,2.0,P,136.05,1.0,['R'],C,136.245
META,2023-01-17 09:08:36.528737+00:00,P,136.37,1.0,P,136.05,1.0,['R'],C,136.21
META,2023-01-17 09:08:59.860555+00:00,P,136.37,1.0,T,136.04,6.0,['R'],C,136.20499999999998
META,2023-01-17 09:09:09.866383+00:00,P,136.37,1.0,P,136.05,1.0,['R'],C,136.21
META,2023-01-17 09:09:09.995604+00:00,P,136.37,1.0,T,136.04,6.0,['R'],C,136.20499999999998
META,2023-01-17 09:09:20.039191+00:00,P,136.37,1.0,P,136.05,1.0,['R'],C,136.21
META,2023-01-17 09:09:39.470113+00:00,P,136.37,1.0,T,136.05,1.0,['R'],C,136.21
META,2023-01-17 09:09:39.474063+00:00,P,136.37,1.0,P,136.06,1.0,['R'],C,136.215
META,2023-01-17 09:09:40.066879+00:00,P,136.37,1.0,T,136.05,1.0,['R'],C,136.21
META,2023-01-17 09:09:51.483407+00:00,P,136.37,1.0,P,136.06,1.0,['R'],C,136.215
META,2023-01-17 09:10:08.674208+00:00,P,136.37,1.0,T,136.05,1.0,['R'],C,136.21
META,2023-01-17 09:10:08.715482+00:00,P,136.37,1.0,P,136.06,1.0,['R'],C,136.215
META,2023-01-17 09:10:21.721630+00:00,P,136.37,1.0,T,136.05,1.0,['R'],C,136.21
META,2023-01-17 09:10:21.762084+00:00,P,136.37,1.0,P,136.11,1.0,['R'],C,136.24
META,2023-01-17 09:10:23.017133+00:00,P,136.37,1.0,T,136.05,1.0,['R'],C,136.21
META,2023-01-17 09:10:23.057664+00:00,P,136.37,1.0,P,136.11,1.0,['R'],C,136.24
META,2023-01-17 09:10:23.166903+00:00,P,136.37,1.0,T,136.05,1.0,['R'],C,136.21
META,2023-01-17 09:10:23.207408+00:00,P,136.37,1.0,P,136.06,1.0,['R'],C,136.215
META,2023-01-17 09:10:38.817794+00:00,P,136.37,1.0,T,136.05,1.0,['R'],C,136.21
META,2023-01-17 09:10:38.820669+00:00,P,136.37,1.0,P,136.12,1.0,['R'],C,136.245
META,2023-01-17 09:10:39.070006+00:00,P,136.37,1.0,T,136.05,1.0,['R'],C,136.21
META,2023-01-17 09:10:39.073231+00:00,P,136.37,1.0,P,136.11,1.0,['R'],C,136.24
META,2023-01-17 09:10:39.077163+00:00,P,136.37,1.0,T,136.05,1.0,['R'],C,136.21
META,2023-01-17 09:10:39.118432+00:00,P,136.37,1.0,P,136.06,1.0,['R'],C,136.215
META,2023-01-17 09:10:51.755774+00:00,P,136.37,1.0,T,136.05,1.0,['R'],C,136.21
META,2023-01-17 09:10:52.308362+00:00,P,136.37,1.0,P,136.05,1.0,['R'],C,136.21
META,2023-01-17 09:11:01.758733+00:00,P,136.37,1.0,T,136.05,1.0,['R'],C,136.21
META,2023-01-17 09:11:01.762001+00:00,P,136.37,1.0,P,136.06,1.0,['R'],C,136.215
META,2023-01-17 09:11:02.717676+00:00,P,136.37,1.0,T,136.05,1.0,['R'],C,136.21
META,2023-01-17 09:11:07.229448+00:00,P,136.37,1.0,P,136.05,1.0,['R'],C,136.21
META,2023-01-17 09:11:10.283661+00:00,T,136.36,2.0,P,136.05,1.0,['R'],C,136.205
META,2023-01-17 09:11:10.322117+00:00,T,136.36,2.0,T,136.05,1.0,['R'],C,136.205
META,2023-01-17 09:11:15.132729+00:00,T,136.35,2.0,P,136.05,1.0,['R'],C,136.2
META,2023-01-17 09:11:15.332474+00:00,T,136.35,2.0,T,136.05,1.0,['R'],C,136.2
META,2023-01-17 09:11:15.373993+00:00,P,136.34,1.0,T,136.05,1.0,['R'],C,136.195
META,2023-01-17 09:11:16.043231+00:00,P,136.34,1.0,P,136.06,1.0,['R'],C,136.2
META,2023-01-17 09:11:16.398434+00:00,P,136.34,1.0,T,136.05,1.0,['R'],C,136.195
META,2023-01-17 09:11:23.306848+00:00,T,136.34,2.0,P,136.05,1.0,['R'],C,136.195
META,2023-01-17 09:11:28.474981+00:00,T,136.34,2.0,T,136.05,1.0,['R'],C,136.195
META,2023-01-17 09:11:28.517684+00:00,P,136.33,1.0,T,136.05,1.0,['R'],C,136.19
META,2023-01-17 09:11:31.597949+00:00,T,136.34,2.0,T,136.05,1.0,['R'],C,136.195
META,2023-01-17 09:11:34.228293+00:00,T,136.34,2.0,P,136.05,1.0,['R'],C,136.195
META,2023-01-17 09:11:37.986974+00:00,T,136.34,2.0,T,136.04,6.0,['R'],C,136.19
META,2023-01-17 09:11:38.000510+00:00,T,136.34,2.0,P,136.06,1.0,['R'],C,136.2
META,2023-01-17 09:11:38.906658+00:00,P,136.33,1.0,P,136.06,1.0,['R'],C,136.195
META,2023-01-17 09:11:38.970252+00:00,T,136.33,2.0,P,136.06,1.0,['R'],C,136.195
META,2023-01-17 09:11:41.008644+00:00,T,136.33,2.0,T,136.04,6.0,['R'],C,136.185
META,2023-01-17 09:11:41.012106+00:00,T,136.33,2.0,P,136.05,1.0,['R'],C,136.19
META,2023-01-17 09:11:45.652201+00:00,P,136.32,1.0,P,136.05,1.0,['R'],C,136.185
META,2023-01-17 09:11:49.647806+00:00,T,136.32,2.0,P,136.05,1.0,['R'],C,136.185
META,2023-01-17 09:11:54.375941+00:00,T,136.32,2.0,T,136.04,6.0,['R'],C,136.18
META,2023-01-17 09:11:54.378877+00:00,T,136.32,2.0,P,136.06,1.0,['R'],C,136.19
META,2023-01-17 09:11:54.563042+00:00,T,136.32,2.0,T,136.04,6.0,['R'],C,136.18
META,2023-01-17 09:11:54.569282+00:00,T,136.32,2.0,P,136.05,1.0,['R'],C,136.185
META,2023-01-17 09:11:59.658286+00:00,P,136.34,1.0,P,136.05,1.0,['R'],C,136.195
META,2023-01-17 09:12:17.440037+00:00,P,136.34,1.0,T,136.04,6.0,['R'],C,136.19
META,2023-01-17 09:12:17.471793+00:00,P,136.34,1.0,P,136.06,1.0,['R'],C,136.2
META,2023-01-17 09:12:18.173231+00:00,P,136.34,1.0,T,136.04,6.0,['R'],C,136.19
META,2023-01-17 09:12:18.176098+00:00,P,136.34,1.0,P,136.05,1.0,['R'],C,136.195
META,2023-01-17 09:12:23.123745+00:00,T,136.35,2.0,P,136.05,1.0,['R'],C,136.2
META,2023-01-17 09:12:23.132184+00:00,P,136.33,1.0,P,136.05,1.0,['R'],C,136.19
META,2023-01-17 09:12:25.584112+00:00,T,136.33,2.0,P,136.05,1.0,['R'],C,136.19
META,2023-01-17 09:12:26.202152+00:00,P,136.33,1.0,P,136.05,1.0,['R'],C,136.19
META,2023-01-17 09:12:29.468914+00:00,T,136.33,2.0,P,136.05,1.0,['R'],C,136.19
META,2023-01-17 09:12:29.557841+00:00,P,136.32,1.0,P,136.05,1.0,['R'],C,136.185
META,2023-01-17 09:12:35.997293+00:00,T,136.33,2.0,P,136.05,1.0,['R'],C,136.19
META,2023-01-17 09:12:37.205029+00:00,T,136.33,2.0,T,136.04,6.0,['R'],C,136.185
META,2023-01-17 09:12:37.213447+00:00,T,136.33,2.0,P,136.06,1.0,['R'],C,136.195
META,2023-01-17 09:12:37.254337+00:00,T,136.33,2.0,T,136.04,6.0,['R'],C,136.185
META,2023-01-17 09:12:37.295856+00:00,T,136.33,2.0,P,136.05,1.0,['R'],C,136.19
META,2023-01-17 09:12:49.475753+00:00,T,136.33,2.0,T,136.04,6.0,['R'],C,136.185
META,2023-01-17 09:12:49.501828+00:00,T,136.33,2.0,P,136.06,1.0,['R'],C,136.195
META,2023-01-17 09:12:49.643966+00:00,T,136.33,2.0,T,136.04,6.0,['R'],C,136.185
META,2023-01-17 09:12:49.685030+00:00,T,136.33,2.0,P,136.05,1.0,['R'],C,136.19
META,2023-01-17 09:12:57.686442+00:00,P,136.32,1.0,P,136.05,1.0,['R'],C,136.185
META,2023-01-17 09:13:03.437479+00:00,P,136.32,1.0,T,136.04,6.0,['R'],C,136.18
META,2023-01-17 09:13:03.440582+00:00,P,136.32,1.0,P,136.05,1.0,['R'],C,136.185
META,2023-01-17 09:13:03.761814+00:00,P,136.32,1.0,T,136.04,6.0,['R'],C,136.18
META,2023-01-17 09:13:05.473478+00:00,P,136.32,1.0,T,136.04,5.0,['R'],C,136.18
META,2023-01-17 09:13:05.473499+00:00,T,136.17,1.0,T,136.04,5.0,['R'],C,136.105
META,2023-01-17 09:13:05.473524+00:00,T,136.27,3.0,T,136.04,5.0,['R'],C,136.155
META,2023-01-17 09:13:05.473536+00:00,T,136.27,2.0,T,136.04,5.0,['R'],C,136.155
META,2023-01-17 09:13:05.473557+00:00,T,136.27,1.0,T,136.04,5.0,['R'],C,136.155
META,2023-01-17 09:13:05.493514+00:00,P,136.32,1.0,T,136.04,5.0,['R'],C,136.18
META,2023-01-17 09:13:05.545121+00:00,T,136.44,2.0,T,136.04,5.0,['R'],C,136.24
META,2023-01-17 09:13:05.547988+00:00,P,136.3,1.0,T,136.04,5.0,['R'],C,136.17000000000002
META,2023-01-17 09:13:30.120452+00:00,T,136.31,2.0,T,136.04,5.0,['R'],C,136.175
META,2023-01-17 09:13:30.124158+00:00,P,136.29,1.0,T,136.04,5.0,['R'],C,136.165
META,2023-01-17 09:13:33.246277+00:00,T,136.28,2.0,T,136.04,5.0,['R'],C,136.16
META,2023-01-17 09:13:34.446776+00:00,P,136.29,1.0,T,136.04,5.0,['R'],C,136.165
META,2023-01-17 09:13:35.125092+00:00,T,136.37,2.0,T,136.04,5.0,['R'],C,136.20499999999998
META,2023-01-17 09:13:35.127975+00:00,P,136.27,1.0,T,136.04,5.0,['R'],C,136.155
META,2023-01-17 09:13:42.571555+00:00,T,136.27,2.0,T,136.04,5.0,['R'],C,136.155
META,2023-01-17 09:13:47.457452+00:00,P,136.27,1.0,T,136.04,5.0,['R'],C,136.155
META,2023-01-17 09:13:50.515703+00:00,T,136.27,2.0,T,136.04,5.0,['R'],C,136.155
META,2023-01-17 09:13:51.520918+00:00,P,136.27,1.0,T,136.04,5.0,['R'],C,136.155
META,2023-01-17 09:13:54.521981+00:00,T,136.38,2.0,T,136.04,5.0,['R'],C,136.20999999999998
META,2023-01-17 09:13:54.524693+00:00,P,136.26,1.0,T,136.04,5.0,['R'],C,136.14999999999998
META,2023-01-17 09:13:54.607677+00:00,T,136.26,2.0,T,136.04,5.0,['R'],C,136.14999999999998
META,2023-01-17 09:13:59.564846+00:00,P,136.25,1.0,T,136.04,5.0,['R'],C,136.14499999999998
META,2023-01-17 09:13:59.618331+00:00,T,136.25,2.0,T,136.04,5.0,['R'],C,136.14499999999998
META,2023-01-17 09:14:04.936244+00:00,P,136.24,1.0,T,136.04,5.0,['R'],C,136.14
META,2023-01-17 09:14:04.988340+00:00,T,136.24,2.0,T,136.04,5.0,['R'],C,136.14
META,2023-01-17 09:14:05.844166+00:00,P,136.24,1.0,T,136.04,5.0,['R'],C,136.14
META,2023-01-17 09:14:08.903664+00:00,T,136.23,2.0,T,136.04,5.0,['R'],C,136.135
META,2023-01-17 09:14:09.938807+00:00,P,136.22,1.0,T,136.04,5.0,['R'],C,136.13
META,2023-01-17 09:14:10.275512+00:00,P,136.22,1.0,T,136.04,4.0,['R'],C,136.13
META,2023-01-17 09:14:13.302123+00:00,T,136.22,2.0,T,136.04,4.0,['R'],C,136.13
META,2023-01-17 09:14:24.614767+00:00,P,136.22,1.0,T,136.04,4.0,['R'],C,136.13
META,2023-01-17 09:14:27.616591+00:00,T,136.31,2.0,T,136.04,4.0,['R'],C,136.175
META,2023-01-17 09:14:27.617337+00:00,T,136.31,2.0,T,136.04,1.0,['R'],C,136.175
META,2023-01-17 09:14:27.619516+00:00,P,136.21,1.0,T,136.04,1.0,['R'],C,136.125
META,2023-01-17 09:14:27.882119+00:00,T,136.21,2.0,T,136.04,1.0,['R'],C,136.125
META,2023-01-17 09:14:32.622755+00:00,P,136.2,1.0,T,136.04,1.0,['R'],C,136.12
META,2023-01-17 09:14:32.910194+00:00,T,136.2,2.0,T,136.04,1.0,['R'],C,136.12
META,2023-01-17 09:14:33.331526+00:00,T,136.2,2.0,K,136.0,1.0,['R'],C,136.1
META,2023-01-17 09:14:33.331548+00:00,T,136.16,1.0,K,136.0,1.0,['R'],C,136.07999999999998
META,2023-01-17 09:14:33.331551+00:00,T,136.11,1.0,K,136.0,1.0,['R'],C,136.055
META,2023-01-17 09:14:33.331602+00:00,T,136.16,4.0,K,136.0,1.0,['R'],C,136.07999999999998
META,2023-01-17 09:14:33.331605+00:00,T,136.16,3.0,K,136.0,1.0,['R'],C,136.07999999999998
META,2023-01-17 09:14:33.331612+00:00,T,136.16,2.0,K,136.0,1.0,['R'],C,136.07999999999998
META,2023-01-17 09:14:33.331615+00:00,T,136.09,1.0,K,136.0,1.0,['R'],C,136.04500000000002
META,2023-01-17 09:14:33.331679+00:00,T,136.16,1.0,K,136.0,1.0,['R'],C,136.07999999999998
META,2023-01-17 09:14:33.332062+00:00,K,136.16,2.0,K,136.0,1.0,['R'],C,136.07999999999998
META,2023-01-17 09:14:33.332087+00:00,T,136.16,1.0,K,136.0,1.0,['R'],C,136.07999999999998
META,2023-01-17 09:14:33.351617+00:00,T,136.2,2.0,K,136.0,1.0,['R'],C,136.1
META,2023-01-17 09:14:33.437327+00:00,P,136.2,1.0,K,136.0,1.0,['R'],C,136.1
META,2023-01-17 09:14:36.489781+00:00,T,136.2,2.0,K,136.0,1.0,['R'],C,136.1
META,2023-01-17 09:14:51.227312+00:00,P,136.2,1.0,K,136.0,1.0,['R'],C,136.1
META,2023-01-17 09:14:51.347591+00:00,T,136.26,2.0,K,136.0,1.0,['R'],C,136.13
META,2023-01-17 09:14:51.353932+00:00,P,136.19,1.0,K,136.0,1.0,['R'],C,136.095
META,2023-01-17 09:15:00.927507+00:00,T,136.19,2.0,K,136.0,1.0,['R'],C,136.095
META,2023-01-17 09:15:18.547627+00:00,T,136.15,1.0,K,136.0,1.0,['R'],C,136.075
META,2023-01-17 09:15:18.547656+00:00,T,136.19,2.0,K,136.0,1.0,['R'],C,136.095
META,2023-01-17 09:15:36.953903+00:00,P,136.22,1.0,K,136.0,1.0,['R'],C,136.11
META,2023-01-17 09:15:40.007410+00:00,T,136.22,2.0,K,136.0,1.0,['R'],C,136.11
META,2023-01-17 09:15:40.454558+00:00,P,136.22,1.0,K,136.0,1.0,['R'],C,136.11
META,2023-01-17 09:15:49.923489+00:00,T,136.24,2.0,K,136.0,1.0,['R'],C,136.12
META,2023-01-17 09:16:08.188905+00:00,P,136.24,1.0,K,136.0,1.0,['R'],C,136.12
META,2023-01-17 09:16:13.676043+00:00,T,136.24,2.0,K,136.0,1.0,['R'],C,136.12
META,2023-01-17 09:16:25.410735+00:00,P,136.26,1.0,K,136.0,1.0,['R'],C,136.13
META,2023-01-17 09:16:26.193178+00:00,T,136.36,2.0,K,136.0,1.0,['R'],C,136.18
META,2023-01-17 09:16:26.195869+00:00,P,136.24,1.0,K,136.0,1.0,['R'],C,136.12
META,2023-01-17 09:16:28.464880+00:00,T,136.24,2.0,K,136.0,1.0,['R'],C,136.12
META,2023-01-17 09:16:28.565154+00:00,T,136.23,2.0,K,136.0,1.0,['R'],C,136.115
META,2023-01-17 09:16:31.056529+00:00,T,136.22,2.0,K,136.0,1.0,['R'],C,136.11
META,2023-01-17 09:16:31.198485+00:00,P,136.21,1.0,K,136.0,1.0,['R'],C,136.10500000000002
META,2023-01-17 09:16:35.090017+00:00,T,136.22,2.0,K,136.0,1.0,['R'],C,136.11
META,2023-01-17 09:16:41.424836+00:00,P,136.22,1.0,K,136.0,1.0,['R'],C,136.11
META,2023-01-17 09:16:44.688202+00:00,T,136.22,2.0,K,136.0,1.0,['R'],C,136.11
META,2023-01-17 09:16:52.371918+00:00,P,136.22,1.0,K,136.0,1.0,['R'],C,136.11
META,2023-01-17 09:16:55.632561+00:00,T,136.22,2.0,K,136.0,1.0,['R'],C,136.11
META,2023-01-17 09:16:55.873011+00:00,P,136.22,1.0,K,136.0,1.0,['R'],C,136.11
META,2023-01-17 09:16:58.873711+00:00,T,136.33,2.0,K,136.0,1.0,['R'],C,136.16500000000002
META,2023-01-17 09:16:58.916650+00:00,P,136.21,1.0,K,136.0,1.0,['R'],C,136.10500000000002
META,2023-01-17 09:16:59.132484+00:00,T,136.21,2.0,K,136.0,1.0,['R'],C,136.10500000000002
META,2023-01-17 09:17:27.420473+00:00,P,136.21,1.0,K,136.0,1.0,['R'],C,136.10500000000002
META,2023-01-17 09:17:29.814126+00:00,T,136.09,1.0,K,136.0,1.0,['R'],C,136.04500000000002
META,2023-01-17 09:17:29.814176+00:00,T,136.16,3.0,K,136.0,1.0,['R'],C,136.07999999999998
META,2023-01-17 09:17:29.814198+00:00,T,136.16,2.0,K,136.0,1.0,['R'],C,136.07999999999998
META,2023-01-17 09:17:29.814213+00:00,T,136.16,1.0,K,136.0,1.0,['R'],C,136.07999999999998
META,2023-01-17 09:17:29.814233+00:00,T,136.16,1.0,K,135.97,5.0,['R'],C,136.065
META,2023-01-17 09:17:29.814684+00:00,K,136.16,2.0,K,135.97,5.0,['R'],C,136.065
META,2023-01-17 09:17:29.814782+00:00,T,136.16,1.0,K,135.97,5.0,['R'],C,136.065
META,2023-01-17 09:17:29.815413+00:00,T,136.16,2.0,K,135.97,5.0,['R'],C,136.065
META,2023-01-17 09:17:29.815470+00:00,K,136.16,1.0,K,135.97,5.0,['R'],C,136.065
META,2023-01-17 09:17:29.815483+00:00,T,136.12,1.0,K,135.97,5.0,['R'],C,136.04500000000002
META,2023-01-17 09:17:29.815501+00:00,K,136.16,1.0,K,135.97,5.0,['R'],C,136.065
META,2023-01-17 09:17:29.815640+00:00,K,136.16,2.0,K,135.97,5.0,['R'],C,136.065
META,2023-01-17 09:17:29.819539+00:00,T,136.16,1.0,K,135.97,5.0,['R'],C,136.065
META,2023-01-17 09:17:29.834165+00:00,P,136.21,1.0,K,135.97,5.0,['R'],C,136.09
META,2023-01-17 09:17:29.876543+00:00,T,136.34,2.0,K,135.97,5.0,['R'],C,136.155
META,2023-01-17 09:17:29.906321+00:00,P,136.2,1.0,K,135.97,5.0,['R'],C,136.08499999999998
META,2023-01-17 09:17:30.472770+00:00,T,136.2,2.0,K,135.97,5.0,['R'],C,136.08499999999998
META,2023-01-17 09:17:30.998286+00:00,P,136.2,1.0,K,135.97,5.0,['R'],C,136.08499999999998
META,2023-01-17 09:17:34.053434+00:00,T,136.19,2.0,K,135.97,5.0,['R'],C,136.07999999999998
META,2023-01-17 09:17:34.942545+00:00,P,136.17,1.0,K,135.97,5.0,['R'],C,136.07
META,2023-01-17 09:17:37.795214+00:00,T,136.16,2.0,K,135.97,5.0,['R'],C,136.065
META,2023-01-17 09:17:40.729563+00:00,P,136.16,1.0,K,135.97,5.0,['R'],C,136.065
META,2023-01-17 09:17:51.238386+00:00,T,136.29,2.0,K,135.97,5.0,['R'],C,136.13
META,2023-01-17 09:17:51.241220+00:00,P,136.27,1.0,K,135.97,5.0,['R'],C,136.12
META,2023-01-17 09:17:56.174050+00:00,T,136.29,2.0,K,135.97,5.0,['R'],C,136.13
META,2023-01-17 09:18:16.928989+00:00,T,136.29,2.0,T,135.92,2.0,['R'],C,136.105
META,2023-01-17 09:18:16.929005+00:00,T,136.29,2.0,P,135.92,1.0,['R'],C,136.105
META,2023-01-17 09:18:16.937530+00:00,T,135.97,18.0,P,135.92,1.0,['R'],C,135.945
META,2023-01-17 09:18:16.940295+00:00,T,135.97,18.0,P,135.71,2.0,['R'],C,135.84
META,2023-01-17 09:18:17.032041+00:00,T,135.97,18.0,T,135.9,2.0,['R'],C,135.935
META,2023-01-17 09:18:17.049270+00:00,T,135.97,18.0,P,135.71,2.0,['R'],C,135.84
META,2023-01-17 09:18:17.049643+00:00,T,135.97,12.0,P,135.71,2.0,['R'],C,135.84
META,2023-01-17 09:18:17.053789+00:00,T,135.97,12.0,P,135.66,2.0,['R'],C,135.815
META,2023-01-17 09:18:17.053797+00:00,T,135.97,12.0,K,135.53,1.0,['R'],C,135.75
META,2023-01-17 09:18:17.158546+00:00,T,135.97,12.0,T,135.72,2.0,['R'],C,135.845
META,2023-01-17 09:18:17.969091+00:00,T,135.97,12.0,T,135.73,2.0,['R'],C,135.85
META,2023-01-17 09:18:52.443330+00:00,T,135.97,12.0,P,135.77,1.0,['R'],C,135.87
META,2023-01-17 09:19:02.084676+00:00,T,135.97,12.0,K,135.53,1.0,['R'],C,135.75
META,2023-01-17 09:19:02.095629+00:00,T,135.97,12.0,P,135.77,1.0,['R'],C,135.87
META,2023-01-17 09:19:02.152484+00:00,T,135.97,12.0,K,135.53,1.0,['R'],C,135.75
META,2023-01-17 09:19:02.156248+00:00,T,135.97,12.0,P,135.74,1.0,['R'],C,135.85500000000002
META,2023-01-17 09:19:07.155911+00:00,T,135.97,12.0,T,135.68,2.0,['R'],C,135.825
META,2023-01-17 09:19:07.159237+00:00,T,135.97,12.0,P,135.77,1.0,['R'],C,135.87
META,2023-01-17 09:20:01.510874+00:00,T,135.97,12.0,T,135.69,2.0,['R'],C,135.82999999999998
META,2023-01-17 09:20:01.528736+00:00,T,135.97,12.0,P,135.76,1.0,['R'],C,135.865
META,2023-01-17 09:20:02.942957+00:00,T,135.97,12.0,T,135.69,2.0,['R'],C,135.82999999999998
META,2023-01-17 09:20:02.946019+00:00,T,135.97,12.0,P,135.75,1.0,['R'],C,135.86
META,2023-01-17 09:20:07.957085+00:00,T,135.97,12.0,T,135.69,2.0,['R'],C,135.82999999999998
META,2023-01-17 09:20:07.959923+00:00,T,135.97,12.0,P,135.77,1.0,['R'],C,135.87
META,2023-01-17 09:20:56.984323+00:00,T,135.97,12.0,T,135.69,2.0,['R'],C,135.82999999999998
META,2023-01-17 09:20:56.987230+00:00,T,135.97,12.0,P,135.76,1.0,['R'],C,135.865
META,2023-01-17 09:20:56.994348+00:00,T,135.97,12.0,T,135.69,2.0,['R'],C,135.82999999999998
META,2023-01-17 09:20:57.031964+00:00,T,135.97,12.0,P,135.76,1.0,['R'],C,135.865
META,2023-01-17 09:20:57.054917+00:00,T,135.97,12.0,T,135.69,2.0,['R'],C,135.82999999999998
META,2023-01-17 09:20:57.096248+00:00,T,135.97,12.0,P,135.77,1.0,['R'],C,135.87
META,2023-01-17 09:20:57.112882+00:00,T,135.97,12.0,T,135.69,2.0,['R'],C,135.82999999999998
META,2023-01-17 09:20:57.154863+00:00,T,135.97,12.0,P,135.75,1.0,['R'],C,135.86
META,2023-01-17 09:21:06.098302+00:00,T,135.97,12.0,T,135.65,2.0,['R'],C,135.81
META,2023-01-17 09:21:06.108042+00:00,T,135.97,12.0,P,135.74,1.0,['R'],C,135.85500000000002
META,2023-01-17 09:21:07.650947+00:00,T,135.97,12.0,P,135.64,1.0,['R'],C,135.805
META,2023-01-17 09:21:07.754923+00:00,T,135.97,12.0,T,135.65,2.0,['R'],C,135.81
META,2023-01-17 09:21:14.135310+00:00,T,135.97,12.0,T,135.67,2.0,['R'],C,135.82
META,2023-01-17 09:21:18.890254+00:00,T,135.97,12.0,T,135.75,2.0,['R'],C,135.86
META,2023-01-17 09:21:21.285196+00:00,T,135.97,12.0,T,135.75,1.0,['R'],C,135.86
META,2023-01-17 09:21:54.638927+00:00,T,135.97,12.0,P,135.76,1.0,['R'],C,135.865
META,2023-01-17 09:22:19.513887+00:00,T,135.97,12.0,T,135.75,1.0,['R'],C,135.86
META,2023-01-17 09:22:19.555031+00:00,T,135.97,12.0,P,135.76,1.0,['R'],C,135.865
META,2023-01-17 09:22:19.579278+00:00,T,135.97,12.0,T,135.75,1.0,['R'],C,135.86
META,2023-01-17 09:22:24.622051+00:00,T,135.97,12.0,P,135.76,1.0,['R'],C,135.865
META,2023-01-17 09:22:42.878827+00:00,T,135.97,12.0,T,135.75,2.0,['R'],C,135.86
META,2023-01-17 09:22:42.881272+00:00,T,135.97,12.0,P,135.76,1.0,['R'],C,135.865
META,2023-01-17 09:22:47.877384+00:00,T,135.97,12.0,T,135.75,2.0,['R'],C,135.86
META,2023-01-17 09:23:01.595030+00:00,T,135.97,12.0,P,135.76,1.0,['R'],C,135.865
META,2023-01-17 09:23:02.045100+00:00,T,135.97,12.0,T,135.75,2.0,['R'],C,135.86
META,2023-01-17 09:23:02.058556+00:00,T,135.97,12.0,P,135.76,1.0,['R'],C,135.865
META,2023-01-17 09:23:02.061926+00:00,T,135.97,12.0,T,135.75,2.0,['R'],C,135.86
META,2023-01-17 09:23:21.257832+00:00,T,135.97,12.0,P,135.76,1.0,['R'],C,135.865
META,2023-01-17 09:23:21.298998+00:00,T,135.97,12.0,T,135.75,2.0,['R'],C,135.86
META,2023-01-17 09:23:45.097030+00:00,T,135.97,12.0,P,135.76,1.0,['R'],C,135.865
META,2023-01-17 09:23:45.099243+00:00,T,135.97,12.0,T,135.75,2.0,['R'],C,135.86
META,2023-01-17 09:23:45.140189+00:00,T,135.97,12.0,P,135.76,1.0,['R'],C,135.865
META,2023-01-17 09:23:45.167780+00:00,T,135.97,12.0,T,135.75,2.0,['R'],C,135.86
META,2023-01-17 09:23:45.208232+00:00,T,135.97,12.0,P,135.76,1.0,['R'],C,135.865
META,2023-01-17 09:23:45.226064+00:00,T,135.97,12.0,T,135.75,2.0,['R'],C,135.86
META,2023-01-17 09:23:57.177145+00:00,T,135.97,12.0,T,135.75,1.0,['R'],C,135.86
META,2023-01-17 09:24:34.399248+00:00,T,135.97,12.0,P,135.76,1.0,['R'],C,135.865
META,2023-01-17 09:24:37.378983+00:00,T,135.97,12.0,T,135.75,1.0,['R'],C,135.86
META,2023-01-17 09:24:37.420147+00:00,T,135.97,12.0,P,135.76,1.0,['R'],C,135.865
META,2023-01-17 09:24:37.423941+00:00,T,135.97,12.0,T,135.75,1.0,['R'],C,135.86
META,2023-01-17 09:24:37.464898+00:00,T,135.97,12.0,P,135.76,1.0,['R'],C,135.865
META,2023-01-17 09:24:37.531284+00:00,T,135.97,12.0,T,135.75,1.0,['R'],C,135.86
META,2023-01-17 09:24:42.575813+00:00,T,135.97,12.0,P,135.76,1.0,['R'],C,135.865
META,2023-01-17 09:24:47.575200+00:00,T,135.97,12.0,T,135.75,1.0,['R'],C,135.86
META,2023-01-17 09:24:47.617054+00:00,T,135.97,12.0,P,135.77,1.0,['R'],C,135.87
META,2023-01-17 09:24:52.108968+00:00,T,135.97,12.0,T,135.75,1.0,['R'],C,135.86
META,2023-01-17 09:24:52.150353+00:00,T,135.97,12.0,P,135.76,1.0,['R'],C,135.865
META,2023-01-17 09:24:52.463243+00:00,T,135.97,12.0,T,135.75,1.0,['R'],C,135.86
META,2023-01-17 09:24:52.498977+00:00,T,135.97,12.0,P,135.76,1.0,['R'],C,135.865
META,2023-01-17 09:24:53.637763+00:00,T,135.97,12.0,T,135.75,1.0,['R'],C,135.86
META,2023-01-17 09:25:23.338218+00:00,T,136.1,2.0,P,135.75,1.0,['R'],C,135.925
META,2023-01-17 09:25:23.340998+00:00,T,135.9,1.0,P,135.75,1.0,['R'],C,135.825
META,2023-01-17 09:25:23.341052+00:00,T,136.03,5.0,P,135.75,1.0,['R'],C,135.89
META,2023-01-17 09:25:23.341055+00:00,T,136.03,4.0,P,135.75,1.0,['R'],C,135.89
META,2023-01-17 09:25:23.341061+00:00,T,136.03,3.0,P,135.75,1.0,['R'],C,135.89
META,2023-01-17 09:25:23.341072+00:00,T,136.03,2.0,P,135.75,1.0,['R'],C,135.89
META,2023-01-17 09:25:23.341076+00:00,T,136.03,1.0,P,135.75,1.0,['R'],C,135.89
META,2023-01-17 09:25:23.341512+00:00,K,136.03,2.0,P,135.75,1.0,['R'],C,135.89
META,2023-01-17 09:25:23.341543+00:00,T,136.03,1.0,P,135.75,1.0,['R'],C,135.89
META,2023-01-17 09:25:23.341577+00:00,K,136.03,1.0,P,135.75,1.0,['R'],C,135.89
META,2023-01-17 09:25:23.346407+00:00,T,136.03,1.0,P,135.75,1.0,['R'],C,135.89
META,2023-01-17 09:25:23.355747+00:00,T,135.75,2.0,P,135.75,1.0,['R'],C,135.75
META,2023-01-17 09:25:23.356430+00:00,T,135.75,2.0,K,135.53,1.0,['R'],C,135.64
META,2023-01-17 09:25:23.358175+00:00,K,136.03,1.0,K,135.53,1.0,['R'],C,135.78
META,2023-01-17 09:25:23.361259+00:00,T,136.1,2.0,K,135.53,1.0,['R'],C,135.815
META,2023-01-17 09:25:23.398383+00:00,T,136.1,2.0,K,135.61,2.0,['R'],C,135.85500000000002
META,2023-01-17 09:25:23.410040+00:00,T,136.1,2.0,K,135.53,1.0,['R'],C,135.815
META,2023-01-17 09:25:23.414808+00:00,P,136.1,1.0,K,135.53,1.0,['R'],C,135.815
META,2023-01-17 09:25:23.465104+00:00,P,136.1,1.0,T,135.64,2.0,['R'],C,135.87
META,2023-01-17 09:25:23.564932+00:00,T,136.1,2.0,T,135.64,2.0,['R'],C,135.87
META,2023-01-17 09:25:23.688718+00:00,T,136.1,2.0,T,135.66,2.0,['R'],C,135.88
META,2023-01-17 09:25:23.771318+00:00,T,136.01,2.0,T,135.66,2.0,['R'],C,135.83499999999998
META,2023-01-17 09:25:34.234091+00:00,T,136.01,2.0,T,135.68,1.0,['R'],C,135.845
META,2023-01-17 09:25:34.234144+00:00,T,136.01,2.0,T,135.66,2.0,['R'],C,135.83499999999998
META,2023-01-17 09:25:34.290175+00:00,T,136.01,2.0,T,135.67,2.0,['R'],C,135.83999999999997
META,2023-01-17 09:25:34.307047+00:00,T,136.01,2.0,P,135.77,1.0,['R'],C,135.89
META,2023-01-17 09:25:34.310547+00:00,P,136.11,1.0,P,135.77,1.0,['R'],C,135.94
META,2023-01-17 09:25:34.310561+00:00,T,136.11,2.0,P,135.77,1.0,['R'],C,135.94
META,2023-01-17 09:25:34.341166+00:00,T,136.11,2.0,T,135.67,2.0,['R'],C,135.89
META,2023-01-17 09:25:34.383174+00:00,T,136.11,2.0,P,135.77,1.0,['R'],C,135.94
META,2023-01-17 09:25:34.451741+00:00,T,136.11,2.0,T,135.67,2.0,['R'],C,135.89
META,2023-01-17 09:25:34.493888+00:00,T,136.11,2.0,P,135.77,1.0,['R'],C,135.94
META,2023-01-17 09:25:34.680214+00:00,P,136.11,1.0,P,135.77,1.0,['R'],C,135.94
META,2023-01-17 09:25:40.971074+00:00,T,136.16,2.0,P,135.77,1.0,['R'],C,135.965
META,2023-01-17 09:25:54.702304+00:00,P,136.18,1.0,P,135.77,1.0,['R'],C,135.97500000000002
META,2023-01-17 09:25:57.759342+00:00,T,136.18,2.0,P,135.77,1.0,['R'],C,135.97500000000002
META,2023-01-17 09:27:03.006215+00:00,T,136.01,4.0,P,135.77,1.0,['R'],C,135.89
META,2023-01-17 09:27:13.588598+00:00,T,136.01,4.0,T,135.75,3.0,['R'],C,135.88
META,2023-01-17 09:27:13.591716+00:00,T,136.01,4.0,P,135.76,1.0,['R'],C,135.885
META,2023-01-17 09:27:21.357222+00:00,T,136.01,4.0,T,135.75,3.0,['R'],C,135.88
META,2023-01-17 09:27:21.360343+00:00,T,136.01,4.0,P,135.77,1.0,['R'],C,135.89
META,2023-01-17 09:27:22.093357+00:00,T,136.01,4.0,T,135.75,3.0,['R'],C,135.88
META,2023-01-17 09:27:22.099314+00:00,T,136.01,4.0,P,135.77,1.0,['R'],C,135.89
META,2023-01-17 09:27:22.151621+00:00,T,136.01,4.0,T,135.75,3.0,['R'],C,135.88
META,2023-01-17 09:27:22.180710+00:00,T,136.01,4.0,P,135.76,1.0,['R'],C,135.885
META,2023-01-17 09:27:27.180322+00:00,T,136.01,4.0,T,135.75,3.0,['R'],C,135.88
META,2023-01-17 09:27:27.182728+00:00,T,136.01,4.0,P,135.77,1.0,['R'],C,135.89
META,2023-01-17 09:27:33.360850+00:00,T,136.01,4.0,T,135.75,3.0,['R'],C,135.88
META,2023-01-17 09:27:33.402243+00:00,T,136.01,4.0,P,135.76,1.0,['R'],C,135.885
META,2023-01-17 09:27:34.511524+00:00,T,136.01,4.0,T,135.75,3.0,['R'],C,135.88
META,2023-01-17 09:27:40.878782+00:00,T,136.01,4.0,T,135.8,1.0,['R'],C,135.905
META,2023-01-17 09:27:48.759441+00:00,T,136.01,4.0,P,135.77,1.0,['R'],C,135.89
META,2023-01-17 09:28:05.850769+00:00,T,136.01,4.0,T,135.75,3.0,['R'],C,135.88
META,2023-01-17 09:28:05.854808+00:00,T,136.01,4.0,P,135.76,1.0,['R'],C,135.885
META,2023-01-17 09:28:10.854493+00:00,T,136.01,4.0,T,135.75,3.0,['R'],C,135.88
META,2023-01-17 09:28:10.857216+00:00,T,136.01,4.0,P,135.77,1.0,['R'],C,135.89
META,2023-01-17 09:28:12.982348+00:00,T,136.01,4.0,T,135.75,3.0,['R'],C,135.88
META,2023-01-17 09:28:12.984826+00:00,T,136.01,4.0,P,135.76,1.0,['R'],C,135.885
META,2023-01-17 09:28:17.986304+00:00,T,136.01,4.0,T,135.75,3.0,['R'],C,135.88
META,2023-01-17 09:28:17.989414+00:00,T,136.01,4.0,P,135.77,1.0,['R'],C,135.89
META,2023-01-17 09:28:20.074563+00:00,T,136.01,4.0,T,135.8,1.0,['R'],C,135.905
META,2023-01-17 09:30:41.325313+00:00,T,136.01,4.0,T,135.9,1.0,['R'],C,135.95499999999998
META,2023-01-17 09:31:10.414086+00:00,T,136.01,4.0,T,135.8,1.0,['R'],C,135.905
META,2023-01-17 09:34:34.022543+00:00,T,136.01,4.0,T,135.8,3.0,['R'],C,135.905
META,2023-01-17 09:34:36.995301+00:00,T,136.01,4.0,T,135.81,2.0,['R'],C,135.91
META,2023-01-17 09:34:40.263139+00:00,T,136.01,2.0,T,135.81,2.0,['R'],C,135.91
META,2023-01-17 09:34:40.263552+00:00,T,136.01,1.0,T,135.81,2.0,['R'],C,135.91
META,2023-01-17 09:34:40.263599+00:00,P,136.61,1.0,T,135.81,2.0,['R'],C,136.21
META,2023-01-17 09:34:40.263626+00:00,P,136.61,1.0,T,135.93,1.0,['R'],C,136.27
META,2023-01-17 09:34:40.263654+00:00,P,136.61,1.0,T,135.81,2.0,['R'],C,136.21
META,2023-01-17 09:34:40.331302+00:00,T,136.22,2.0,T,135.81,2.0,['R'],C,136.015
META,2023-01-17 09:34:40.339116+00:00,P,136.61,1.0,T,135.81,2.0,['R'],C,136.21
META,2023-01-17 09:34:40.370320+00:00,T,136.35,2.0,T,135.81,2.0,['R'],C,136.07999999999998
META,2023-01-17 09:34:40.395971+00:00,T,136.35,2.0,T,135.82,2.0,['R'],C,136.08499999999998
META,2023-01-17 09:34:40.405465+00:00,T,136.35,2.0,T,135.88,2.0,['R'],C,136.115
META,2023-01-17 09:34:40.608456+00:00,T,136.35,2.0,T,135.89,2.0,['R'],C,136.12
META,2023-01-17 09:34:40.633509+00:00,T,136.35,2.0,T,135.9,2.0,['R'],C,136.125
META,2023-01-17 09:34:41.095793+00:00,T,136.33,2.0,T,135.9,2.0,['R'],C,136.115
META,2023-01-17 09:34:41.316023+00:00,P,136.61,1.0,T,135.9,2.0,['R'],C,136.255
META,2023-01-17 09:34:41.316037+00:00,T,136.42,2.0,T,135.9,2.0,['R'],C,136.16
META,2023-01-17 09:34:41.381491+00:00,T,136.41,2.0,T,135.9,2.0,['R'],C,136.155
META,2023-01-17 09:34:41.414584+00:00,T,136.36,2.0,T,135.9,2.0,['R'],C,136.13
META,2023-01-17 09:34:42.417266+00:00,P,136.61,1.0,T,135.9,2.0,['R'],C,136.255
META,2023-01-17 09:34:42.417281+00:00,T,136.45,2.0,T,135.9,2.0,['R'],C,136.175
META,2023-01-17 09:34:42.475594+00:00,T,136.43,2.0,T,135.9,2.0,['R'],C,136.16500000000002
META,2023-01-17 09:34:42.543689+00:00,T,136.37,2.0,T,135.9,2.0,['R'],C,136.135
META,2023-01-17 09:34:42.587924+00:00,P,136.61,1.0,T,135.9,2.0,['R'],C,136.255
META,2023-01-17 09:34:42.587940+00:00,T,136.45,2.0,T,135.9,2.0,['R'],C,136.175
META,2023-01-17 09:34:42.698153+00:00,T,136.43,2.0,T,135.9,2.0,['R'],C,136.16500000000002
META,2023-01-17 09:34:43.017739+00:00,T,136.34,2.0,T,135.9,2.0,['R'],C,136.12
META,2023-01-17 09:34:43.070306+00:00,P,136.61,1.0,T,135.9,2.0,['R'],C,136.255
META,2023-01-17 09:34:43.070319+00:00,T,136.43,2.0,T,135.9,2.0,['R'],C,136.16500000000002
META,2023-01-17 09:34:43.139188+00:00,T,136.34,2.0,T,135.9,2.0,['R'],C,136.12
META,2023-01-17 09:34:43.287171+00:00,P,136.61,1.0,T,135.9,2.0,['R'],C,136.255
META,2023-01-17 09:34:43.287188+00:00,T,136.43,2.0,T,135.9,2.0,['R'],C,136.16500000000002
META,2023-01-17 09:34:43.767027+00:00,T,136.34,2.0,T,135.9,2.0,['R'],C,136.12
META,2023-01-17 09:35:04.560358+00:00,P,136.61,1.0,T,135.9,2.0,['R'],C,136.255
META,2023-01-17 09:35:04.560375+00:00,T,136.44,2.0,T,135.9,2.0,['R'],C,136.17000000000002
META,2023-01-17 09:35:04.616209+00:00,T,136.43,2.0,T,135.9,2.0,['R'],C,136.16500000000002
META,2023-01-17 09:35:04.626428+00:00,T,136.42,2.0,T,135.9,2.0,['R'],C,136.16
META,2023-01-17 09:35:05.727499+00:00,T,136.41,2.0,T,135.9,2.0,['R'],C,136.155
META,2023-01-17 09:35:07.589610+00:00,T,136.41,2.0,T,135.9,3.0,['R'],C,136.155
META,2023-01-17 09:35:07.589688+00:00,P,136.61,1.0,T,135.9,3.0,['R'],C,136.255
META,2023-01-17 09:35:07.589706+00:00,T,136.5,2.0,T,135.9,3.0,['R'],C,136.2
META,2023-01-17 09:35:07.641594+00:00,T,136.5,2.0,T,135.9,1.0,['R'],C,136.2
META,2023-01-17 09:35:07.660159+00:00,T,136.5,2.0,T,135.95,2.0,['R'],C,136.225
META,2023-01-17 09:35:07.710957+00:00,T,136.5,2.0,T,135.96,2.0,['R'],C,136.23000000000002
META,2023-01-17 09:35:07.720985+00:00,T,136.47,2.0,T,135.96,2.0,['R'],C,136.215
META,2023-01-17 09:35:10.086938+00:00,P,136.61,1.0,T,135.96,2.0,['R'],C,136.28500000000003
META,2023-01-17 09:35:10.086955+00:00,T,136.56,2.0,T,135.96,2.0,['R'],C,136.26
META,2023-01-17 09:35:10.191757+00:00,T,136.55,2.0,T,135.96,2.0,['R'],C,136.255
META,2023-01-17 09:35:10.201776+00:00,T,136.5,2.0,T,135.96,2.0,['R'],C,136.23000000000002
META,2023-01-17 09:35:12.399848+00:00,T,136.5,2.0,T,135.97,2.0,['R'],C,136.235
META,2023-01-17 09:35:12.519209+00:00,T,136.5,2.0,T,136.0,2.0,['R'],C,136.25
META,2023-01-17 09:35:20.026672+00:00,T,136.49,2.0,T,136.0,2.0,['R'],C,136.245
META,2023-01-17 09:35:37.763530+00:00,T,136.48,2.0,T,136.0,2.0,['R'],C,136.24
META,2023-01-17 09:36:03.031231+00:00,T,136.47,2.0,T,136.0,2.0,['R'],C,136.235
META,2023-01-17 09:36:09.379955+00:00,P,136.61,1.0,T,136.0,2.0,['R'],C,136.305
META,2023-01-17 09:36:09.379971+00:00,T,136.55,2.0,T,136.0,2.0,['R'],C,136.275
META,2023-01-17 09:36:09.457595+00:00,T,136.55,2.0,T,136.03,2.0,['R'],C,136.29000000000002
META,2023-01-17 09:36:10.858688+00:00,T,136.55,2.0,T,136.08,2.0,['R'],C,136.315
META,2023-01-17 09:36:12.503065+00:00,P,136.61,1.0,T,136.08,2.0,['R'],C,136.34500000000003
META,2023-01-17 09:36:15.693994+00:00,P,136.61,1.0,T,136.1,2.0,['R'],C,136.35500000000002
META,2023-01-17 09:36:16.408076+00:00,T,136.61,2.0,T,136.1,2.0,['R'],C,136.35500000000002
META,2023-01-17 09:36:16.639838+00:00,P,136.43,1.0,T,136.1,2.0,['R'],C,136.265
META,2023-01-17 09:36:22.804029+00:00,P,136.43,1.0,T,136.12,2.0,['R'],C,136.275
META,2023-01-17 09:36:25.175692+00:00,P,136.43,1.0,P,136.1,1.0,['R'],C,136.265
META,2023-01-17 09:36:28.259179+00:00,P,136.43,1.0,T,136.05,2.0,['R'],C,136.24
META,2023-01-17 09:36:40.140952+00:00,T,136.5,2.0,T,136.05,2.0,['R'],C,136.275
META,2023-01-17 09:36:40.173317+00:00,P,136.43,1.0,T,136.05,2.0,['R'],C,136.24
META,2023-01-17 09:36:48.003802+00:00,T,136.5,2.0,T,136.05,2.0,['R'],C,136.275
META,2023-01-17 09:36:48.006629+00:00,P,136.37,1.0,T,136.05,2.0,['R'],C,136.21
META,2023-01-17 09:36:48.021084+00:00,T,136.5,2.0,T,136.05,2.0,['R'],C,136.275
META,2023-01-17 09:36:48.060829+00:00,P,136.38,1.0,T,136.05,2.0,['R'],C,136.215
META,2023-01-17 09:36:53.060917+00:00,T,136.49,2.0,T,136.05,2.0,['R'],C,136.27
META,2023-01-17 09:36:53.063540+00:00,P,136.37,1.0,T,136.05,2.0,['R'],C,136.21
META,2023-01-17 09:37:23.694019+00:00,P,136.37,1.0,P,136.0,1.0,['R'],C,136.185
META,2023-01-17 09:37:28.561234+00:00,P,136.37,1.0,T,135.97,2.0,['R'],C,136.17000000000002
META,2023-01-17 09:37:28.677427+00:00,P,136.37,1.0,T,135.99,2.0,['R'],C,136.18
META,2023-01-17 09:37:35.055244+00:00,P,136.37,1.0,P,136.0,1.0,['R'],C,136.185
META,2023-01-17 09:37:38.672676+00:00,P,136.37,1.0,P,136.01,1.0,['R'],C,136.19
META,2023-01-17 09:37:50.912512+00:00,T,136.47,2.0,P,136.01,1.0,['R'],C,136.24
META,2023-01-17 09:37:50.954256+00:00,P,136.43,1.0,P,136.01,1.0,['R'],C,136.22
META,2023-01-17 09:37:52.709718+00:00,P,136.43,1.0,T,136.01,2.0,['R'],C,136.22
META,2023-01-17 09:37:52.802835+00:00,P,136.43,1.0,P,136.02,1.0,['R'],C,136.22500000000002
META,2023-01-17 09:37:55.033179+00:00,P,136.43,1.0,T,136.02,2.0,['R'],C,136.22500000000002
META,2023-01-17 09:38:01.469435+00:00,T,136.47,2.0,T,136.02,2.0,['R'],C,136.245
META,2023-01-17 09:38:01.478694+00:00,T,136.47,2.0,T,136.04,2.0,['R'],C,136.255
META,2023-01-17 09:38:01.511031+00:00,P,136.38,1.0,T,136.04,2.0,['R'],C,136.20999999999998
META,2023-01-17 09:38:01.541168+00:00,T,136.47,2.0,T,136.04,2.0,['R'],C,136.255
META,2023-01-17 09:38:01.583660+00:00,P,136.43,1.0,T,136.04,2.0,['R'],C,136.235
META,2023-01-17 09:38:06.583089+00:00,T,136.47,2.0,T,136.04,2.0,['R'],C,136.255
META,2023-01-17 09:38:06.638261+00:00,P,136.37,1.0,T,136.04,2.0,['R'],C,136.20499999999998
META,2023-01-17 09:38:33.172789+00:00,P,136.37,1.0,P,136.01,1.0,['R'],C,136.19
META,2023-01-17 09:38:34.298779+00:00,T,136.47,2.0,P,136.01,1.0,['R'],C,136.24
META,2023-01-17 09:38:34.301583+00:00,P,136.37,1.0,P,136.01,1.0,['R'],C,136.19
META,2023-01-17 09:38:34.362281+00:00,T,136.47,2.0,P,136.01,1.0,['R'],C,136.24
META,2023-01-17 09:38:34.402772+00:00,P,136.43,1.0,P,136.01,1.0,['R'],C,136.22
META,2023-01-17 09:38:34.431292+00:00,P,136.43,1.0,T,136.01,2.0,['R'],C,136.22
META,2023-01-17 09:38:39.217190+00:00,P,136.43,1.0,P,136.02,1.0,['R'],C,136.22500000000002
META,2023-01-17 09:38:39.269952+00:00,P,136.43,1.0,T,136.03,2.0,['R'],C,136.23000000000002
META,2023-01-17 09:38:51.184630+00:00,T,136.5,2.0,T,136.03,2.0,['R'],C,136.265
META,2023-01-17 09:38:51.187244+00:00,P,136.38,1.0,T,136.03,2.0,['R'],C,136.20499999999998
META,2023-01-17 09:38:51.803632+00:00,T,136.5,4.0,T,136.03,2.0,['R'],C,136.265
META,2023-01-17 09:38:51.806429+00:00,P,136.43,1.0,T,136.03,2.0,['R'],C,136.23000000000002
META,2023-01-17 09:39:02.923491+00:00,T,136.5,4.0,T,136.03,2.0,['R'],C,136.265
META,2023-01-17 09:39:02.927314+00:00,P,136.38,1.0,T,136.03,2.0,['R'],C,136.20499999999998
META,2023-01-17 09:39:07.734854+00:00,T,136.5,4.0,T,136.03,2.0,['R'],C,136.265
META,2023-01-17 09:39:07.737932+00:00,P,136.43,1.0,T,136.03,2.0,['R'],C,136.23000000000002
META,2023-01-17 09:39:17.738139+00:00,T,136.49,2.0,T,136.03,2.0,['R'],C,136.26
META,2023-01-17 09:39:17.741084+00:00,P,136.2,1.0,T,136.03,2.0,['R'],C,136.115
META,2023-01-17 09:39:18.330849+00:00,P,136.2,1.0,P,136.03,1.0,['R'],C,136.115
META,2023-01-17 09:39:18.740505+00:00,T,136.38,2.0,P,136.03,1.0,['R'],C,136.20499999999998
META,2023-01-17 09:39:18.782122+00:00,P,136.37,1.0,P,136.03,1.0,['R'],C,136.2
META,2023-01-17 09:39:20.822153+00:00,P,136.37,1.0,P,136.0,1.0,['R'],C,136.185
META,2023-01-17 09:39:20.825093+00:00,P,136.37,1.0,P,136.01,1.0,['R'],C,136.19
META,2023-01-17 09:39:21.907760+00:00,T,136.37,2.0,P,136.01,1.0,['R'],C,136.19
META,2023-01-17 09:39:35.052270+00:00,T,136.37,2.0,T,136.02,2.0,['R'],C,136.195
META,2023-01-17 09:39:35.494895+00:00,T,136.37,2.0,T,136.03,2.0,['R'],C,136.2
META,2023-01-17 09:40:04.602984+00:00,T,136.37,2.0,T,136.04,2.0,['R'],C,136.20499999999998
META,2023-01-17 09:40:04.741421+00:00,T,136.37,2.0,T,136.05,2.0,['R'],C,136.21
META,2023-01-17 09:40:05.387165+00:00,T,136.37,2.0,T,136.06,2.0,['R'],C,136.215
META,2023-01-17 09:40:05.831137+00:00,T,136.37,2.0,T,136.07,2.0,['R'],C,136.22
META,2023-01-17 09:40:09.588272+00:00,T,136.37,2.0,T,136.08,2.0,['R'],C,136.22500000000002
META,2023-01-17 09:40:09.825223+00:00,T,136.37,2.0,P,136.05,1.0,['R'],C,136.21
META,2023-01-17 09:40:09.883182+00:00,T,136.37,2.0,T,136.05,2.0,['R'],C,136.21
META,2023-01-17 09:40:11.118316+00:00,T,136.37,2.0,P,136.05,1.0,['R'],C,136.21
META,2023-01-17 09:40:12.841792+00:00,T,136.37,2.0,T,136.01,2.0,['R'],C,136.19
META,2023-01-17 09:40:12.883457+00:00,T,136.37,2.0,T,136.03,2.0,['R'],C,136.2
META,2023-01-17 09:40:12.978795+00:00,T,136.37,2.0,T,136.05,2.0,['R'],C,136.21
META,2023-01-17 09:40:25.765166+00:00,P,136.2,1.0,T,136.05,2.0,['R'],C,136.125
META,2023-01-17 09:40:25.767323+00:00,T,136.37,2.0,T,136.05,2.0,['R'],C,136.21
META,2023-01-17 09:40:25.769876+00:00,P,136.2,1.0,T,136.05,2.0,['R'],C,136.125
META,2023-01-17 09:40:25.810600+00:00,T,136.37,2.0,T,136.05,2.0,['R'],C,136.21
META,2023-01-17 09:40:39.049086+00:00,P,136.2,1.0,T,136.05,2.0,['R'],C,136.125
META,2023-01-17 09:40:39.089889+00:00,T,136.37,2.0,T,136.05,2.0,['R'],C,136.21
META,2023-01-17 09:40:39.111828+00:00,T,136.37,2.0,P,136.01,1.0,['R'],C,136.19
META,2023-01-17 09:40:39.213594+00:00,T,136.37,2.0,T,136.02,2.0,['R'],C,136.195
META,2023-01-17 09:40:49.158302+00:00,P,136.2,1.0,T,136.02,2.0,['R'],C,136.11
META,2023-01-17 09:40:51.901775+00:00,T,136.37,2.0,T,136.02,2.0,['R'],C,136.195
META,2023-01-17 09:41:01.946688+00:00,P,136.2,1.0,T,136.02,2.0,['R'],C,136.11
META,2023-01-17 09:41:02.018365+00:00,P,136.2,1.0,P,136.01,1.0,['R'],C,136.105
META,2023-01-17 09:41:02.018797+00:00,T,136.18,1.0,P,136.01,1.0,['R'],C,136.095
META,2023-01-17 09:41:02.018867+00:00,P,136.2,1.0,P,136.01,1.0,['R'],C,136.105
META,2023-01-17 09:41:21.051433+00:00,T,136.36,2.0,P,136.01,1.0,['R'],C,136.185
META,2023-01-17 09:41:56.777202+00:00,P,136.2,1.0,P,136.01,1.0,['R'],C,136.105
META,2023-01-17 09:41:57.152038+00:00,T,136.36,2.0,P,136.01,1.0,['R'],C,136.185
META,2023-01-17 09:42:04.595199+00:00,T,136.36,2.0,T,136.0,2.0,['R'],C,136.18
META,2023-01-17 09:42:04.626091+00:00,T,136.36,2.0,P,136.02,1.0,['R'],C,136.19
META,2023-01-17 09:42:04.646142+00:00,T,136.36,2.0,T,136.02,2.0,['R'],C,136.19
META,2023-01-17 09:42:14.188585+00:00,T,136.36,2.0,P,136.03,1.0,['R'],C,136.195
META,2023-01-17 09:42:14.245892+00:00,T,136.36,2.0,T,136.03,2.0,['R'],C,136.195
META,2023-01-17 09:42:16.502867+00:00,T,136.36,2.0,T,136.04,2.0,['R'],C,136.2
META,2023-01-17 09:42:59.819577+00:00,T,136.36,2.0,P,136.05,1.0,['R'],C,136.205
META,2023-01-17 09:43:03.359269+00:00,T,136.36,2.0,T,136.04,2.0,['R'],C,136.2
META,2023-01-17 09:43:14.921254+00:00,T,136.36,2.0,T,136.05,2.0,['R'],C,136.205
META,2023-01-17 09:43:20.792248+00:00,T,136.36,2.0,P,136.06,1.0,['R'],C,136.21
META,2023-01-17 09:43:20.849736+00:00,T,136.36,2.0,T,136.06,2.0,['R'],C,136.21
META,2023-01-17 09:43:39.591976+00:00,T,136.36,2.0,T,136.07,2.0,['R'],C,136.215
META,2023-01-17 09:44:29.085935+00:00,T,136.36,2.0,T,136.09,1.0,['R'],C,136.22500000000002
META,2023-01-17 09:44:29.085977+00:00,P,136.37,1.0,T,136.09,1.0,['R'],C,136.23000000000002
META,2023-01-17 09:44:29.085989+00:00,P,136.37,1.0,T,136.07,2.0,['R'],C,136.22
META,2023-01-17 09:44:29.085996+00:00,P,136.37,1.0,T,136.15,1.0,['R'],C,136.26
META,2023-01-17 09:44:29.086033+00:00,P,136.37,1.0,T,136.07,2.0,['R'],C,136.22
META,2023-01-17 09:44:29.156566+00:00,T,136.5,3.0,T,136.07,2.0,['R'],C,136.285
META,2023-01-17 09:44:29.156620+00:00,T,136.5,2.0,T,136.07,2.0,['R'],C,136.285
META,2023-01-17 09:44:29.156737+00:00,T,136.5,3.0,T,136.07,2.0,['R'],C,136.285
META,2023-01-17 09:44:29.157386+00:00,T,136.5,2.0,T,136.07,2.0,['R'],C,136.285
META,2023-01-17 09:44:29.160139+00:00,P,136.43,1.0,T,136.07,2.0,['R'],C,136.25
META,2023-01-17 09:44:29.160191+00:00,P,136.43,1.0,P,136.21,1.0,['R'],C,136.32
META,2023-01-17 09:44:52.888400+00:00,P,136.43,1.0,T,136.11,2.0,['R'],C,136.27
META,2023-01-17 09:44:54.667598+00:00,T,136.48,2.0,T,136.11,2.0,['R'],C,136.29500000000002
META,2023-01-17 09:44:54.670513+00:00,P,136.43,1.0,T,136.11,2.0,['R'],C,136.27
META,2023-01-17 09:45:02.085971+00:00,T,136.46,2.0,T,136.11,2.0,['R'],C,136.28500000000003
META,2023-01-17 09:45:02.128339+00:00,P,136.37,1.0,T,136.11,2.0,['R'],C,136.24
META,2023-01-17 09:45:04.232093+00:00,T,136.46,2.0,T,136.11,2.0,['R'],C,136.28500000000003
META,2023-01-17 09:45:04.546160+00:00,P,136.38,1.0,T,136.11,2.0,['R'],C,136.245
META,2023-01-17 09:45:13.731935+00:00,T,136.46,2.0,T,136.11,2.0,['R'],C,136.28500000000003
META,2023-01-17 09:45:13.774406+00:00,P,136.38,1.0,T,136.11,2.0,['R'],C,136.245
META,2023-01-17 09:45:14.334103+00:00,T,136.46,2.0,T,136.11,2.0,['R'],C,136.28500000000003
META,2023-01-17 09:45:14.337501+00:00,P,136.43,1.0,T,136.11,2.0,['R'],C,136.27
META,2023-01-17 09:45:19.338288+00:00,T,136.46,2.0,T,136.11,2.0,['R'],C,136.28500000000003
META,2023-01-17 09:45:19.341731+00:00,P,136.37,1.0,T,136.11,2.0,['R'],C,136.24
META,2023-01-17 09:45:21.902822+00:00,T,136.46,2.0,T,136.11,2.0,['R'],C,136.28500000000003
META,2023-01-17 09:45:21.949554+00:00,P,136.38,1.0,T,136.11,2.0,['R'],C,136.245
META,2023-01-17 09:45:26.943387+00:00,T,136.46,2.0,T,136.11,2.0,['R'],C,136.28500000000003
META,2023-01-17 09:45:26.949974+00:00,P,136.37,1.0,T,136.11,2.0,['R'],C,136.24
META,2023-01-17 09:45:53.127123+00:00,P,136.37,1.0,P,136.09,1.0,['R'],C,136.23000000000002
META,2023-01-17 09:45:53.127145+00:00,T,136.26,1.0,P,136.09,1.0,['R'],C,136.175
META,2023-01-17 09:45:53.127147+00:00,T,136.26,2.0,P,136.09,1.0,['R'],C,136.175
META,2023-01-17 09:45:53.127149+00:00,T,136.26,3.0,P,136.09,1.0,['R'],C,136.175
META,2023-01-17 09:45:53.127161+00:00,T,136.19,1.0,P,136.09,1.0,['R'],C,136.14
META,2023-01-17 09:45:53.127248+00:00,T,136.26,2.0,P,136.09,1.0,['R'],C,136.175
META,2023-01-17 09:45:53.127275+00:00,T,136.26,1.0,P,136.09,1.0,['R'],C,136.175
META,2023-01-17 09:45:53.127671+00:00,K,136.26,2.0,P,136.09,1.0,['R'],C,136.175
META,2023-01-17 09:45:53.127748+00:00,T,136.26,1.0,P,136.09,1.0,['R'],C,136.175
META,2023-01-17 09:45:53.131454+00:00,T,136.26,1.0,P,136.19,2.0,['R'],C,136.225
META,2023-01-17 09:45:53.131516+00:00,T,136.26,1.0,P,136.19,1.0,['R'],C,136.225
META,2023-01-17 09:45:53.147187+00:00,P,136.37,1.0,P,136.19,1.0,['R'],C,136.28
META,2023-01-17 09:45:53.195661+00:00,P,136.37,1.0,P,136.09,1.0,['R'],C,136.23000000000002
META,2023-01-17 09:45:56.198050+00:00,P,136.37,1.0,T,136.0,2.0,['R'],C,136.185
META,2023-01-17 09:45:56.201329+00:00,P,136.37,1.0,P,136.01,1.0,['R'],C,136.19
META,2023-01-17 09:45:56.250966+00:00,P,136.37,1.0,T,136.02,2.0,['R'],C,136.195
META,2023-01-17 09:45:56.419757+00:00,P,136.36,5.0,T,136.02,2.0,['R'],C,136.19
META,2023-01-17 09:45:58.631649+00:00,P,136.36,5.0,T,136.04,2.0,['R'],C,136.2
META,2023-01-17 09:46:03.137296+00:00,P,136.35,1.0,T,136.04,2.0,['R'],C,136.195
META,2023-01-17 09:46:08.403569+00:00,P,136.35,1.0,T,136.05,2.0,['R'],C,136.2
META,2023-01-17 09:46:11.378248+00:00,P,136.35,1.0,P,136.06,1.0,['R'],C,136.20499999999998
META,2023-01-17 09:46:11.436651+00:00,P,136.35,1.0,T,136.06,2.0,['R'],C,136.20499999999998
META,2023-01-17 09:47:15.689670+00:00,P,136.36,5.0,T,136.06,2.0,['R'],C,136.21
META,2023-01-17 09:47:15.718155+00:00,P,136.27,1.0,T,136.06,2.0,['R'],C,136.16500000000002
META,2023-01-17 09:47:18.760767+00:00,P,136.27,1.0,P,136.04,1.0,['R'],C,136.155
META,2023-01-17 09:47:21.779149+00:00,P,136.27,1.0,P,136.0,1.0,['R'],C,136.135
META,2023-01-17 09:47:21.788181+00:00,P,136.27,1.0,P,136.01,1.0,['R'],C,136.14
META,2023-01-17 09:47:25.717680+00:00,P,136.36,5.0,P,136.01,1.0,['R'],C,136.185
META,2023-01-17 09:47:25.751016+00:00,P,136.25,1.0,P,136.01,1.0,['R'],C,136.13
META,2023-01-17 09:47:27.072107+00:00,P,136.36,5.0,P,136.01,1.0,['R'],C,136.185
META,2023-01-17 09:47:27.113510+00:00,P,136.27,1.0,P,136.01,1.0,['R'],C,136.14
META,2023-01-17 09:47:35.842489+00:00,P,136.27,1.0,P,136.0,1.0,['R'],C,136.135
META,2023-01-17 09:47:35.942611+00:00,P,136.27,1.0,T,136.0,2.0,['R'],C,136.135
META,2023-01-17 09:47:39.406140+00:00,P,136.27,1.0,P,136.0,1.0,['R'],C,136.135
META,2023-01-17 09:47:40.669268+00:00,P,136.36,5.0,P,136.0,1.0,['R'],C,136.18
META,2023-01-17 09:47:40.672318+00:00,P,136.24,1.0,P,136.0,1.0,['R'],C,136.12
META,2023-01-17 09:47:45.533400+00:00,T,136.19,1.0,P,136.0,1.0,['R'],C,136.095
META,2023-01-17 09:47:45.533464+00:00,P,136.24,1.0,P,136.0,1.0,['R'],C,136.12
META,2023-01-17 09:47:51.540985+00:00,P,136.24,1.0,P,136.0,2.0,['R'],C,136.12
META,2023-01-17 09:47:55.878477+00:00,P,136.24,1.0,P,136.0,1.0,['R'],C,136.12
META,2023-01-17 09:47:58.879814+00:00,T,136.35,2.0,P,136.0,1.0,['R'],C,136.175
META,2023-01-17 09:47:58.883204+00:00,P,136.27,1.0,P,136.0,1.0,['R'],C,136.135
META,2023-01-17 09:48:03.112209+00:00,P,136.27,1.0,T,135.91,2.0,['R'],C,136.09
META,2023-01-17 09:48:03.115239+00:00,P,136.27,1.0,P,136.01,1.0,['R'],C,136.14
META,2023-01-17 09:48:05.396481+00:00,P,136.27,1.0,T,135.91,2.0,['R'],C,136.09
META,2023-01-17 09:48:05.438476+00:00,P,136.27,1.0,P,136.01,1.0,['R'],C,136.14
META,2023-01-17 09:48:05.879552+00:00,P,136.27,1.0,T,135.91,2.0,['R'],C,136.09
META,2023-01-17 09:48:10.886615+00:00,P,136.27,1.0,P,136.01,1.0,['R'],C,136.14
META,2023-01-17 09:48:11.567347+00:00,P,136.27,1.0,T,135.91,2.0,['R'],C,136.09
META,2023-01-17 09:48:11.571038+00:00,P,136.27,1.0,P,136.0,1.0,['R'],C,136.135
META,2023-01-17 09:48:16.783945+00:00,T,136.34,2.0,P,136.0,1.0,['R'],C,136.17000000000002
META,2023-01-17 09:48:24.280524+00:00,T,136.28,1.0,P,136.0,1.0,['R'],C,136.14
META,2023-01-17 09:48:24.280588+00:00,T,136.34,2.0,P,136.0,1.0,['R'],C,136.17000000000002
META,2023-01-17 09:48:24.280608+00:00,P,136.0,1.0,T,135.8,1.0,['R'],C,135.9
META,2023-01-17 09:48:24.282826+00:00,P,136.0,1.0,T,135.92,1.0,['R'],C,135.95999999999998
META,2023-01-17 09:48:24.282856+00:00,P,136.0,1.0,P,135.8,1.0,['R'],C,135.9
META,2023-01-17 09:48:24.282920+00:00,K,136.28,1.0,T,135.8,1.0,['R'],C,136.04000000000002
META,2023-01-17 09:48:24.282975+00:00,K,136.28,1.0,P,135.92,1.0,['R'],C,136.1
META,2023-01-17 09:48:24.283081+00:00,K,136.28,1.0,K,135.92,1.0,['R'],C,136.1
META,2023-01-17 09:48:24.285791+00:00,P,136.34,1.0,K,135.92,1.0,['R'],C,136.13
META,2023-01-17 09:48:24.288068+00:00,P,136.34,1.0,T,135.8,1.0,['R'],C,136.07
META,2023-01-17 09:48:24.350850+00:00,P,136.34,1.0,T,135.87,1.0,['R'],C,136.10500000000002
META,2023-01-17 09:48:24.351603+00:00,P,136.34,1.0,P,135.8,1.0,['R'],C,136.07
META,2023-01-17 09:48:24.388353+00:00,P,136.34,1.0,T,135.84,2.0,['R'],C,136.09
META,2023-01-17 09:48:27.348065+00:00,T,136.31,1.0,T,135.84,2.0,['R'],C,136.075
META,2023-01-17 09:48:27.408263+00:00,T,136.3,2.0,T,135.84,2.0,['R'],C,136.07
META,2023-01-17 09:48:28.010555+00:00,T,136.29,2.0,T,135.84,2.0,['R'],C,136.065
META,2023-01-17 09:48:31.166866+00:00,T,136.28,2.0,T,135.84,2.0,['R'],C,136.06
META,2023-01-17 09:48:33.033498+00:00,T,136.27,2.0,T,135.84,2.0,['R'],C,136.055
META,2023-01-17 09:48:39.294639+00:00,P,136.26,1.0,T,135.84,2.0,['R'],C,136.05
META,2023-01-17 09:48:48.755619+00:00,T,136.09,1.0,T,135.84,2.0,['R'],C,135.965
META,2023-01-17 09:48:48.755641+00:00,P,136.26,1.0,T,135.84,2.0,['R'],C,136.05
META,2023-01-17 09:48:48.825552+00:00,P,136.36,5.0,T,135.84,2.0,['R'],C,136.10000000000002
META,2023-01-17 09:48:48.825586+00:00,T,136.3,1.0,T,135.84,2.0,['R'],C,136.07
META,2023-01-17 09:48:48.833382+00:00,P,136.36,5.0,T,135.84,2.0,['R'],C,136.10000000000002
META,2023-01-17 09:48:48.866789+00:00,P,136.28,1.0,T,135.84,2.0,['R'],C,136.06
META,2023-01-17 09:48:50.410129+00:00,T,136.26,2.0,T,135.84,2.0,['R'],C,136.05
META,2023-01-17 09:48:50.771184+00:00,T,136.24,2.0,T,135.84,2.0,['R'],C,136.04000000000002
META,2023-01-17 09:48:51.398752+00:00,T,136.24,2.0,P,135.82,1.0,['R'],C,136.03
META,2023-01-17 09:48:53.356471+00:00,T,136.24,2.0,T,135.8,1.0,['R'],C,136.02
META,2023-01-17 09:48:53.394707+00:00,T,136.24,2.0,P,135.81,1.0,['R'],C,136.025
META,2023-01-17 09:48:57.833715+00:00,T,136.23,2.0,P,135.81,1.0,['R'],C,136.01999999999998
META,2023-01-17 09:49:04.343315+00:00,P,136.22,1.0,P,135.81,1.0,['R'],C,136.015
META,2023-01-17 09:49:04.428157+00:00,T,136.06,1.0,P,135.81,1.0,['R'],C,135.935
META,2023-01-17 09:49:04.428213+00:00,P,136.22,1.0,P,135.81,1.0,['R'],C,136.015
META,2023-01-17 09:49:07.563498+00:00,T,136.2,2.0,P,135.81,1.0,['R'],C,136.005
META,2023-01-17 09:49:07.841201+00:00,T,136.19,2.0,P,135.81,1.0,['R'],C,136.0
META,2023-01-17 09:49:27.505048+00:00,P,136.19,1.0,P,135.81,1.0,['R'],C,136.0
META,2023-01-17 09:49:44.212953+00:00,T,136.21,2.0,P,135.81,1.0,['R'],C,136.01
META,2023-01-17 09:49:44.216007+00:00,P,136.18,1.0,P,135.81,1.0,['R'],C,135.995
META,2023-01-17 09:50:20.156591+00:00,T,136.21,2.0,P,135.81,1.0,['R'],C,136.01
META,2023-01-17 09:50:20.159068+00:00,P,136.2,1.0,P,135.81,1.0,['R'],C,136.005
META,2023-01-17 09:50:47.377242+00:00,T,136.2,2.0,P,135.81,1.0,['R'],C,136.005
META,2023-01-17 09:50:50.551573+00:00,P,136.18,1.0,P,135.81,1.0,['R'],C,135.995
META,2023-01-17 09:51:31.938956+00:00,T,136.18,2.0,P,135.81,1.0,['R'],C,135.995
META,2023-01-17 09:51:38.768290+00:00,P,136.17,1.0,P,135.81,1.0,['R'],C,135.99
META,2023-01-17 09:51:38.823997+00:00,T,136.17,2.0,P,135.81,1.0,['R'],C,135.99
META,2023-01-17 09:51:47.163856+00:00,P,136.17,1.0,P,135.81,1.0,['R'],C,135.99
META,2023-01-17 09:52:08.472667+00:00,T,136.2,2.0,P,135.81,1.0,['R'],C,136.005
META,2023-01-17 09:52:08.478514+00:00,P,136.19,1.0,P,135.81,1.0,['R'],C,136.0
META,2023-01-17 09:52:25.989719+00:00,T,136.19,2.0,P,135.81,1.0,['R'],C,136.0
META,2023-01-17 09:52:28.974308+00:00,P,136.18,1.0,P,135.81,1.0,['R'],C,135.995
META,2023-01-17 09:52:47.001952+00:00,T,136.19,2.0,P,135.81,1.0,['R'],C,136.0
META,2023-01-17 09:52:50.531014+00:00,P,136.2,1.0,P,135.81,1.0,['R'],C,136.005
META,2023-01-17 09:52:52.005065+00:00,T,136.27,2.0,P,135.81,1.0,['R'],C,136.04000000000002
META,2023-01-17 09:52:52.007847+00:00,P,136.19,1.0,P,135.81,1.0,['R'],C,136.0
META,2023-01-17 09:52:53.741319+00:00,T,136.19,2.0,P,135.81,1.0,['R'],C,136.0
META,2023-01-17 09:52:54.160508+00:00,P,136.19,1.0,P,135.81,1.0,['R'],C,136.0
META,2023-01-17 09:52:57.522728+00:00,T,136.19,2.0,P,135.81,1.0,['R'],C,136.0
META,2023-01-17 09:52:59.080753+00:00,P,136.18,1.0,P,135.81,1.0,['R'],C,135.995
META,2023-01-17 09:53:02.158051+00:00,T,136.18,2.0,P,135.81,1.0,['R'],C,135.995
META,2023-01-17 09:53:07.969281+00:00,P,136.17,1.0,P,135.81,1.0,['R'],C,135.99
META,2023-01-17 09:53:25.588966+00:00,T,136.17,2.0,P,135.81,1.0,['R'],C,135.99
META,2023-01-17 09:53:39.934032+00:00,P,136.17,1.0,P,135.81,1.0,['R'],C,135.99
META,2023-01-17 09:53:45.150567+00:00,T,136.19,2.0,P,135.81,1.0,['R'],C,136.0
META,2023-01-17 09:53:49.445952+00:00,T,136.19,2.0,T,135.81,2.0,['R'],C,136.0
META,2023-01-17 09:54:04.027691+00:00,T,136.18,2.0,T,135.81,2.0,['R'],C,135.995
META,2023-01-17 09:54:04.329565+00:00,P,136.17,1.0,T,135.81,2.0,['R'],C,135.99
META,2023-01-17 09:54:04.937824+00:00,T,136.17,2.0,T,135.81,2.0,['R'],C,135.99
META,2023-01-17 09:54:10.269311+00:00,P,136.17,1.0,T,135.81,2.0,['R'],C,135.99
META,2023-01-17 09:54:33.743481+00:00,T,136.17,2.0,T,135.81,2.0,['R'],C,135.99
META,2023-01-17 09:54:36.751696+00:00,P,136.16,1.0,T,135.81,2.0,['R'],C,135.985
META,2023-01-17 09:54:36.874137+00:00,T,136.16,2.0,T,135.81,2.0,['R'],C,135.985
META,2023-01-17 09:54:46.022307+00:00,P,136.16,1.0,T,135.81,2.0,['R'],C,135.985
META,2023-01-17 09:55:24.620547+00:00,T,136.13,1.0,T,135.81,2.0,['R'],C,135.97
META,2023-01-17 09:55:24.620597+00:00,P,136.16,1.0,T,135.81,2.0,['R'],C,135.985
META,2023-01-17 09:55:24.699187+00:00,P,136.16,1.0,P,135.81,1.0,['R'],C,135.985
META,2023-01-17 09:55:54.223250+00:00,T,136.16,2.0,P,135.81,1.0,['R'],C,135.985
META,2023-01-17 09:56:26.599391+00:00,P,136.16,1.0,P,135.81,1.0,['R'],C,135.985
META,2023-01-17 09:57:16.610650+00:00,T,136.1,1.0,P,135.81,1.0,['R'],C,135.95499999999998
META,2023-01-17 09:57:16.610707+00:00,P,136.16,1.0,P,135.81,1.0,['R'],C,135.985
META,2023-01-17 09:57:16.612836+00:00,T,136.18,2.0,P,135.81,1.0,['R'],C,135.995
META,2023-01-17 09:57:16.614189+00:00,T,136.18,2.0,T,135.8,1.0,['R'],C,135.99
META,2023-01-17 09:57:16.654409+00:00,T,136.18,2.0,P,135.8,2.0,['R'],C,135.99
META,2023-01-17 09:57:16.654475+00:00,P,136.16,1.0,P,135.8,2.0,['R'],C,135.98000000000002
META,2023-01-17 09:57:16.696458+00:00,P,136.16,1.0,P,135.8,1.0,['R'],C,135.98000000000002
META,2023-01-17 09:57:22.360699+00:00,T,136.16,2.0,P,135.8,1.0,['R'],C,135.98000000000002
META,2023-01-17 09:57:52.325760+00:00,T,136.16,2.0,T,135.8,1.0,['R'],C,135.98000000000002
META,2023-01-17 09:57:52.328895+00:00,P,136.15,1.0,T,135.8,1.0,['R'],C,135.97500000000002
META,2023-01-17 09:57:52.381797+00:00,T,136.15,2.0,P,135.8,1.0,['R'],C,135.97500000000002
META,2023-01-17 09:57:57.328608+00:00,T,136.15,2.0,T,135.8,1.0,['R'],C,135.97500000000002
META,2023-01-17 09:57:57.331099+00:00,P,136.14,1.0,T,135.8,1.0,['R'],C,135.97
META,2023-01-17 09:57:57.385921+00:00,T,136.14,2.0,P,135.8,1.0,['R'],C,135.97
META,2023-01-17 09:58:04.369975+00:00,T,136.14,2.0,T,135.8,1.0,['R'],C,135.97
META,2023-01-17 09:58:04.373552+00:00,P,136.13,1.0,T,135.8,1.0,['R'],C,135.965
META,2023-01-17 09:58:04.424643+00:00,T,136.13,2.0,P,135.8,1.0,['R'],C,135.965
META,2023-01-17 09:58:12.375519+00:00,P,136.13,1.0,P,135.8,1.0,['R'],C,135.965
META,2023-01-17 09:58:18.671505+00:00,T,136.16,2.0,T,135.8,1.0,['R'],C,135.98000000000002
META,2023-01-17 09:58:28.075028+00:00,T,136.15,2.0,P,135.8,1.0,['R'],C,135.97500000000002
META,2023-01-17 09:58:28.091068+00:00,T,136.13,2.0,P,135.8,1.0,['R'],C,135.965
META,2023-01-17 09:58:28.854175+00:00,T,136.13,2.0,T,135.8,1.0,['R'],C,135.965
META,2023-01-17 09:59:30.989874+00:00,T,136.13,2.0,P,135.8,2.0,['R'],C,135.965
META,2023-01-17 09:59:40.460839+00:00,T,136.13,2.0,T,135.8,1.0,['R'],C,135.965
META,2023-01-17 09:59:40.463922+00:00,T,136.13,2.0,P,135.8,2.0,['R'],C,135.965
META,2023-01-17 09:59:40.466069+00:00,T,136.13,2.0,T,135.8,1.0,['R'],C,135.965
META,2023-01-17 09:59:59.362475+00:00,P,136.15,1.0,P,135.8,1.0,['R'],C,135.97500000000002
META,2023-01-17 10:00:07.704202+00:00,T,136.16,2.0,T,135.8,1.0,['R'],C,135.98000000000002
META,2023-01-17 10:00:27.438361+00:00,T,136.16,2.0,P,135.81,1.0,['R'],C,135.985
META,2023-01-17 10:00:27.450262+00:00,T,136.16,2.0,T,135.8,1.0,['R'],C,135.98000000000002
META,2023-01-17 10:00:27.454199+00:00,T,136.16,2.0,P,135.8,2.0,['R'],C,135.98000000000002
META,2023-01-17 10:00:27.663819+00:00,T,136.16,2.0,T,135.8,1.0,['R'],C,135.98000000000002
META,2023-01-17 10:00:27.705083+00:00,T,136.16,2.0,P,135.8,2.0,['R'],C,135.98000000000002
META,2023-01-17 10:00:28.202132+00:00,T,136.16,2.0,T,135.8,1.0,['R'],C,135.98000000000002
META,2023-01-17 10:00:35.907088+00:00,T,136.15,2.0,P,135.8,1.0,['R'],C,135.97500000000002
META,2023-01-17 10:00:37.268889+00:00,T,136.15,2.0,T,135.8,1.0,['R'],C,135.97500000000002
META,2023-01-17 10:00:39.751484+00:00,T,136.14,2.0,P,135.8,1.0,['R'],C,135.97
META,2023-01-17 10:00:39.770496+00:00,T,136.13,2.0,P,135.8,1.0,['R'],C,135.965
META,2023-01-17 10:00:42.451581+00:00,T,136.13,2.0,T,135.8,1.0,['R'],C,135.965
META,2023-01-17 10:01:12.086465+00:00,T,136.13,2.0,P,135.8,2.0,['R'],C,135.965
META,2023-01-17 10:01:18.695390+00:00,T,136.13,2.0,T,135.8,1.0,['R'],C,135.965
META,2023-01-17 10:01:18.698519+00:00,T,136.13,2.0,P,135.81,1.0,['R'],C,135.97
META,2023-01-17 10:01:21.548769+00:00,T,136.13,2.0,T,135.8,1.0,['R'],C,135.965
META,2023-01-17 10:01:26.554288+00:00,T,136.13,2.0,P,135.81,1.0,['R'],C,135.97
META,2023-01-17 10:02:00.413868+00:00,T,136.13,2.0,T,135.8,1.0,['R'],C,135.965
META,2023-01-17 10:02:00.416855+00:00,T,136.13,2.0,P,135.8,2.0,['R'],C,135.965
META,2023-01-17 10:02:04.030230+00:00,T,136.13,2.0,T,135.8,1.0,['R'],C,135.965
META,2023-01-17 10:02:13.266691+00:00,T,136.13,2.0,P,135.81,1.0,['R'],C,135.97
META,2023-01-17 10:02:14.149810+00:00,T,136.13,2.0,T,135.8,1.0,['R'],C,135.965
META,2023-01-17 10:02:14.191092+00:00,T,136.13,2.0,P,135.81,1.0,['R'],C,135.97
META,2023-01-17 10:02:15.552582+00:00,T,136.13,2.0,T,135.8,1.0,['R'],C,135.965
META,2023-01-17 10:02:17.978992+00:00,T,136.12,2.0,P,135.8,1.0,['R'],C,135.96
META,2023-01-17 10:02:17.984961+00:00,T,136.12,2.0,T,135.8,1.0,['R'],C,135.96
META,2023-01-17 10:02:24.373113+00:00,T,135.97,1.0,P,135.8,1.0,['R'],C,135.885
META,2023-01-17 10:02:24.373140+00:00,T,136.12,2.0,P,135.8,1.0,['R'],C,135.96
META,2023-01-17 10:02:26.557430+00:00,T,136.12,2.0,T,135.8,1.0,['R'],C,135.96
META,2023-01-17 10:02:39.555397+00:00,T,136.12,2.0,P,135.81,1.0,['R'],C,135.965
META,2023-01-17 10:02:39.663313+00:00,T,136.12,2.0,T,135.8,1.0,['R'],C,135.96
META,2023-01-17 10:02:39.665793+00:00,T,136.12,2.0,P,135.8,2.0,['R'],C,135.96
META,2023-01-17 10:02:49.640213+00:00,T,136.12,2.0,T,135.8,1.0,['R'],C,135.96
META,2023-01-17 10:02:49.642696+00:00,T,136.12,2.0,P,135.81,1.0,['R'],C,135.965
META,2023-01-17 10:02:49.737690+00:00,T,136.12,2.0,T,135.8,1.0,['R'],C,135.96
META,2023-01-17 10:02:49.778985+00:00,T,136.12,2.0,P,135.8,2.0,['R'],C,135.96
META,2023-01-17 10:02:54.779670+00:00,T,136.12,2.0,T,135.8,1.0,['R'],C,135.96
META,2023-01-17 10:02:54.782352+00:00,T,136.12,2.0,P,135.81,1.0,['R'],C,135.965
META,2023-01-17 10:02:56.731083+00:00,T,136.12,2.0,T,135.8,1.0,['R'],C,135.96
META,2023-01-17 10:02:56.772644+00:00,T,136.12,2.0,P,135.8,2.0,['R'],C,135.96
META,2023-01-17 10:03:03.903952+00:00,T,136.12,2.0,T,135.8,1.0,['R'],C,135.96
META,2023-01-17 10:03:03.925933+00:00,T,136.12,2.0,P,135.81,1.0,['R'],C,135.965
META,2023-01-17 10:03:04.612683+00:00,T,136.12,2.0,T,135.8,1.0,['R'],C,135.96
META,2023-01-17 10:03:04.615650+00:00,T,136.12,2.0,P,135.8,2.0,['R'],C,135.96
META,2023-01-17 10:03:09.289643+00:00,T,136.12,2.0,T,135.8,1.0,['R'],C,135.96
META,2023-01-17 10:03:14.319932+00:00,T,136.12,2.0,P,135.81,1.0,['R'],C,135.965
META,2023-01-17 10:03:15.093455+00:00,T,136.12,2.0,T,135.8,1.0,['R'],C,135.96
META,2023-01-17 10:03:15.134768+00:00,T,136.12,2.0,P,135.8,2.0,['R'],C,135.96
META,2023-01-17 10:03:19.517888+00:00,T,136.12,2.0,T,135.8,1.0,['R'],C,135.96
META,2023-01-17 10:03:52.769032+00:00,T,136.12,2.0,T,135.9,1.0,['R'],C,136.01
META,2023-01-17 10:04:00.143294+00:00,P,136.3,5.0,T,135.9,1.0,['R'],C,136.10000000000002
META,2023-01-17 10:04:00.143307+00:00,T,136.2,2.0,T,135.9,1.0,['R'],C,136.05
META,2023-01-17 10:04:00.202507+00:00,T,136.19,2.0,T,135.9,1.0,['R'],C,136.04500000000002
META,2023-01-17 10:04:35.471291+00:00,T,136.19,2.0,P,135.8,1.0,['R'],C,135.995
META,2023-01-17 10:04:37.495445+00:00,T,136.18,2.0,P,135.8,1.0,['R'],C,135.99
META,2023-01-17 10:04:37.531708+00:00,T,136.17,2.0,P,135.8,1.0,['R'],C,135.985
META,2023-01-17 10:04:38.112984+00:00,T,136.15,2.0,P,135.8,1.0,['R'],C,135.97500000000002
META,2023-01-17 10:04:58.628745+00:00,T,136.14,2.0,P,135.8,1.0,['R'],C,135.97
META,2023-01-17 10:05:03.380823+00:00,T,136.13,2.0,P,135.8,1.0,['R'],C,135.965
META,2023-01-17 10:05:59.127274+00:00,T,136.13,2.0,P,135.8,2.0,['R'],C,135.965
META,2023-01-17 10:05:59.127361+00:00,P,136.12,1.0,P,135.8,2.0,['R'],C,135.96
META,2023-01-17 10:06:02.641406+00:00,P,136.12,1.0,T,135.8,1.0,['R'],C,135.96
META,2023-01-17 10:06:05.633767+00:00,T,136.13,2.0,T,135.8,1.0,['R'],C,135.965
META,2023-01-17 10:06:12.685636+00:00,T,136.13,2.0,P,135.8,2.0,['R'],C,135.965
META,2023-01-17 10:06:13.221787+00:00,T,136.0,1.0,P,135.8,2.0,['R'],C,135.9
META,2023-01-17 10:06:13.297504+00:00,T,136.0,1.0,P,135.8,1.0,['R'],C,135.9
META,2023-01-17 10:06:13.331637+00:00,T,135.96,1.0,P,135.8,1.0,['R'],C,135.88
META,2023-01-17 10:06:13.331690+00:00,T,136.0,1.0,P,135.8,1.0,['R'],C,135.9
META,2023-01-17 10:06:13.333828+00:00,T,136.0,1.0,T,135.8,1.0,['R'],C,135.9
META,2023-01-17 10:06:24.215670+00:00,T,136.0,1.0,P,135.81,1.0,['R'],C,135.905
META,2023-01-17 10:06:26.627249+00:00,T,136.0,1.0,T,135.8,1.0,['R'],C,135.9
META,2023-01-17 10:06:26.629861+00:00,T,136.0,1.0,P,135.8,2.0,['R'],C,135.9
META,2023-01-17 10:06:27.763051+00:00,T,136.0,1.0,T,135.8,1.0,['R'],C,135.9
META,2023-01-17 10:13:37.052141+00:00,T,136.0,1.0,P,135.8,2.0,['R'],C,135.9
META,2023-01-17 10:13:41.342862+00:00,T,136.0,1.0,T,135.8,1.0,['R'],C,135.9
META,2023-01-17 10:13:56.341114+00:00,T,136.0,1.0,P,135.8,2.0,['R'],C,135.9
META,2023-01-17 10:13:58.329177+00:00,T,136.0,1.0,T,135.8,1.0,['R'],C,135.9
META,2023-01-17 10:16:31.275573+00:00,T,136.0,1.0,P,135.8,2.0,['R'],C,135.9
META,2023-01-17 10:16:31.305281+00:00,T,136.0,1.0,T,135.8,1.0,['R'],C,135.9
META,2023-01-17 10:17:36.317144+00:00,T,136.0,1.0,P,135.8,2.0,['R'],C,135.9
META,2023-01-17 10:17:36.353667+00:00,T,136.0,1.0,T,135.8,1.0,['R'],C,135.9
META,2023-01-17 10:17:50.545851+00:00,T,136.0,1.0,P,135.8,2.0,['R'],C,135.9
META,2023-01-17 10:18:02.961717+00:00,T,136.0,1.0,T,135.8,1.0,['R'],C,135.9
META,2023-01-17 10:18:13.311003+00:00,T,136.0,1.0,P,135.8,2.0,['R'],C,135.9
META,2023-01-17 10:18:14.675991+00:00,T,136.0,1.0,T,135.8,1.0,['R'],C,135.9
META,2023-01-17 10:18:20.559552+00:00,T,136.0,1.0,P,135.81,1.0,['R'],C,135.905
META,2023-01-17 10:18:20.664078+00:00,T,136.0,1.0,T,135.8,1.0,['R'],C,135.9
META,2023-01-17 10:18:25.669651+00:00,T,136.0,1.0,P,135.81,1.0,['R'],C,135.905
META,2023-01-17 10:18:40.923327+00:00,T,136.0,1.0,T,135.8,1.0,['R'],C,135.9
META,2023-01-17 10:18:40.926303+00:00,T,136.0,1.0,P,135.8,2.0,['R'],C,135.9
META,2023-01-17 10:18:45.926500+00:00,T,136.0,1.0,T,135.8,1.0,['R'],C,135.9
META,2023-01-17 10:18:45.929163+00:00,T,136.0,1.0,P,135.81,1.0,['R'],C,135.905
META,2023-01-17 10:19:02.413258+00:00,T,136.12,2.0,P,135.81,1.0,['R'],C,135.965
META,2023-01-17 10:19:02.413279+00:00,T,136.12,2.0,T,135.88,1.0,['R'],C,136.0
META,2023-01-17 10:19:02.413330+00:00,T,136.12,2.0,P,135.81,1.0,['R'],C,135.965
META,2023-01-17 10:19:02.413342+00:00,P,136.15,1.0,P,135.81,1.0,['R'],C,135.98000000000002
META,2023-01-17 10:19:02.485111+00:00,T,136.19,2.0,P,135.81,1.0,['R'],C,136.0
META,2023-01-17 10:19:02.485237+00:00,P,136.3,5.0,P,135.81,1.0,['R'],C,136.055
META,2023-01-17 10:19:02.488124+00:00,P,136.29,1.0,P,135.81,1.0,['R'],C,136.05
META,2023-01-17 10:19:02.514361+00:00,T,136.26,2.0,P,135.81,1.0,['R'],C,136.035
META,2023-01-17 10:19:02.551145+00:00,T,136.25,2.0,P,135.81,1.0,['R'],C,136.03
META,2023-01-17 10:19:03.053937+00:00,T,136.24,2.0,P,135.81,1.0,['R'],C,136.025
META,2023-01-17 10:19:14.081574+00:00,T,136.24,2.0,T,135.8,3.0,['R'],C,136.02
META,2023-01-17 10:19:14.107295+00:00,T,136.24,2.0,P,135.81,1.0,['R'],C,136.025
META,2023-01-17 10:19:14.188791+00:00,T,136.24,2.0,T,135.81,2.0,['R'],C,136.025
META,2023-01-17 10:19:25.933689+00:00,T,136.23,2.0,T,135.81,2.0,['R'],C,136.01999999999998
META,2023-01-17 10:19:26.182491+00:00,P,136.17,1.0,T,135.81,2.0,['R'],C,135.99
META,2023-01-17 10:19:31.181663+00:00,T,136.23,2.0,T,135.81,2.0,['R'],C,136.01999999999998
META,2023-01-17 10:19:31.222053+00:00,P,136.16,1.0,T,135.81,2.0,['R'],C,135.985
META,2023-01-17 10:19:31.642481+00:00,T,136.23,2.0,T,135.81,2.0,['R'],C,136.01999999999998
META,2023-01-17 10:19:31.645413+00:00,P,136.17,1.0,T,135.81,2.0,['R'],C,135.99
META,2023-01-17 10:19:31.882730+00:00,T,136.23,2.0,T,135.81,2.0,['R'],C,136.01999999999998
META,2023-01-17 10:19:31.892365+00:00,P,136.16,1.0,T,135.81,2.0,['R'],C,135.985
META,2023-01-17 10:19:31.953992+00:00,T,136.23,2.0,T,135.81,2.0,['R'],C,136.01999999999998
META,2023-01-17 10:19:52.827600+00:00,T,136.23,2.0,T,135.83,2.0,['R'],C,136.03
META,2023-01-17 10:19:53.201811+00:00,T,136.23,2.0,T,135.84,2.0,['R'],C,136.035
META,2023-01-17 10:19:58.970600+00:00,T,136.23,2.0,P,135.85,1.0,['R'],C,136.04
META,2023-01-17 10:20:05.214330+00:00,P,136.16,1.0,P,135.85,1.0,['R'],C,136.005
META,2023-01-17 10:20:05.372643+00:00,T,136.23,2.0,P,135.85,1.0,['R'],C,136.04
META,2023-01-17 10:20:12.970280+00:00,P,136.16,1.0,P,135.85,1.0,['R'],C,136.005
META,2023-01-17 10:20:14.245725+00:00,T,136.23,2.0,P,135.85,1.0,['R'],C,136.04
META,2023-01-17 10:20:14.248587+00:00,P,136.17,1.0,P,135.85,1.0,['R'],C,136.01
META,2023-01-17 10:20:19.248982+00:00,T,136.23,2.0,P,135.85,1.0,['R'],C,136.04
META,2023-01-17 10:20:19.251968+00:00,P,136.16,1.0,P,135.85,1.0,['R'],C,136.005
META,2023-01-17 10:21:23.676652+00:00,P,136.16,1.0,T,135.88,1.0,['R'],C,136.01999999999998
META,2023-01-17 10:21:23.676695+00:00,P,136.16,1.0,P,135.85,1.0,['R'],C,136.005
META,2023-01-17 10:21:23.748567+00:00,T,136.2,2.0,P,135.85,1.0,['R'],C,136.02499999999998
META,2023-01-17 10:21:23.763729+00:00,P,136.16,1.0,P,135.85,1.0,['R'],C,136.005
META,2023-01-17 10:21:23.819824+00:00,T,136.2,2.0,P,135.85,1.0,['R'],C,136.02499999999998
META,2023-01-17 10:21:23.824341+00:00,P,136.17,1.0,P,135.85,1.0,['R'],C,136.01
META,2023-01-17 10:21:23.906821+00:00,T,136.29,2.0,P,135.85,1.0,['R'],C,136.07
META,2023-01-17 10:21:23.977824+00:00,T,136.28,2.0,P,135.85,1.0,['R'],C,136.065
META,2023-01-17 10:21:37.412205+00:00,T,136.28,2.0,T,135.84,2.0,['R'],C,136.06
META,2023-01-17 10:22:00.310517+00:00,P,136.16,1.0,T,135.84,2.0,['R'],C,136.0
META,2023-01-17 10:22:04.347079+00:00,T,136.27,2.0,T,135.84,2.0,['R'],C,136.055
META,2023-01-17 10:22:04.359429+00:00,P,136.17,1.0,T,135.84,2.0,['R'],C,136.005
META,2023-01-17 10:22:09.358809+00:00,T,136.27,2.0,T,135.84,2.0,['R'],C,136.055
META,2023-01-17 10:22:09.362367+00:00,P,136.16,1.0,T,135.84,2.0,['R'],C,136.0
META,2023-01-17 10:22:09.433850+00:00,T,136.27,2.0,T,135.84,2.0,['R'],C,136.055
META,2023-01-17 10:22:17.964222+00:00,P,136.16,1.0,T,135.84,2.0,['R'],C,136.0
META,2023-01-17 10:22:18.102756+00:00,T,136.27,2.0,T,135.84,2.0,['R'],C,136.055
META,2023-01-17 10:22:23.110769+00:00,P,136.16,1.0,T,135.84,2.0,['R'],C,136.0
META,2023-01-17 10:22:31.178457+00:00,T,136.26,2.0,T,135.84,2.0,['R'],C,136.05
META,2023-01-17 10:22:31.181123+00:00,P,136.17,1.0,T,135.84,2.0,['R'],C,136.005
META,2023-01-17 10:22:37.646750+00:00,T,136.26,2.0,T,135.84,2.0,['R'],C,136.05
META,2023-01-17 10:22:39.490861+00:00,T,136.26,2.0,T,135.85,2.0,['R'],C,136.055
META,2023-01-17 10:23:19.008869+00:00,P,136.16,1.0,T,135.85,2.0,['R'],C,136.005
META,2023-01-17 10:23:19.029974+00:00,T,136.26,2.0,T,135.85,2.0,['R'],C,136.055
META,2023-01-17 10:23:24.582737+00:00,T,136.26,2.0,P,135.87,1.0,['R'],C,136.065
META,2023-01-17 10:23:26.485968+00:00,P,136.16,1.0,P,135.87,1.0,['R'],C,136.015
META,2023-01-17 10:23:26.613580+00:00,T,136.26,2.0,P,135.87,1.0,['R'],C,136.065
META,2023-01-17 10:23:36.192413+00:00,P,136.16,1.0,P,135.87,1.0,['R'],C,136.015
META,2023-01-17 10:23:58.476274+00:00,T,136.26,2.0,P,135.87,1.0,['R'],C,136.065
META,2023-01-17 10:24:03.482973+00:00,P,136.16,1.0,P,135.87,1.0,['R'],C,136.015
META,2023-01-17 10:24:20.161477+00:00,T,136.26,2.0,P,135.87,1.0,['R'],C,136.065
META,2023-01-17 10:24:20.164438+00:00,P,136.17,1.0,P,135.87,1.0,['R'],C,136.01999999999998
META,2023-01-17 10:24:20.232891+00:00,T,136.26,2.0,P,135.87,1.0,['R'],C,136.065
META,2023-01-17 10:24:48.089074+00:00,P,136.29,1.0,P,135.87,1.0,['R'],C,136.07999999999998
META,2023-01-17 10:24:58.524560+00:00,T,136.29,2.0,P,135.87,1.0,['R'],C,136.07999999999998
META,2023-01-17 10:25:02.248850+00:00,T,136.28,2.0,P,135.87,1.0,['R'],C,136.075
META,2023-01-17 10:25:03.525257+00:00,P,136.16,1.0,P,135.87,1.0,['R'],C,136.015
META,2023-01-17 10:25:05.805523+00:00,T,136.28,2.0,P,135.87,1.0,['R'],C,136.075
META,2023-01-17 10:25:05.808701+00:00,P,136.17,1.0,P,135.87,1.0,['R'],C,136.01999999999998
META,2023-01-17 10:25:10.808771+00:00,T,136.28,2.0,P,135.87,1.0,['R'],C,136.075
META,2023-01-17 10:25:10.811657+00:00,P,136.16,1.0,P,135.87,1.0,['R'],C,136.015
META,2023-01-17 10:25:10.884166+00:00,T,136.28,2.0,P,135.87,1.0,['R'],C,136.075
META,2023-01-17 10:25:20.483385+00:00,P,136.29,1.0,P,135.87,1.0,['R'],C,136.07999999999998
META,2023-01-17 10:25:21.589662+00:00,P,136.3,5.0,P,135.87,1.0,['R'],C,136.085
META,2023-01-17 10:25:21.592789+00:00,P,136.17,1.0,P,135.87,1.0,['R'],C,136.01999999999998
META,2023-01-17 10:25:21.604240+00:00,P,136.3,5.0,P,135.87,1.0,['R'],C,136.085
META,2023-01-17 10:25:21.645620+00:00,P,136.29,1.0,P,135.87,1.0,['R'],C,136.07999999999998
META,2023-01-17 10:25:27.327748+00:00,P,136.3,5.0,P,135.87,1.0,['R'],C,136.085
META,2023-01-17 10:25:27.331908+00:00,P,136.16,1.0,P,135.87,1.0,['R'],C,136.015
META,2023-01-17 10:25:27.436390+00:00,P,136.3,5.0,P,135.87,1.0,['R'],C,136.085
META,2023-01-17 10:25:27.478065+00:00,P,136.17,1.0,P,135.87,1.0,['R'],C,136.01999999999998
META,2023-01-17 10:25:27.518522+00:00,T,136.29,2.0,P,135.87,1.0,['R'],C,136.07999999999998
META,2023-01-17 10:25:27.559758+00:00,P,136.17,1.0,P,135.87,1.0,['R'],C,136.01999999999998
META,2023-01-17 10:25:27.684027+00:00,T,136.29,2.0,P,135.87,1.0,['R'],C,136.07999999999998
META,2023-01-17 10:25:33.218015+00:00,P,136.16,1.0,P,135.87,1.0,['R'],C,136.015
META,2023-01-17 10:25:46.110153+00:00,T,136.28,2.0,P,135.87,1.0,['R'],C,136.075
META,2023-01-17 10:25:46.113717+00:00,P,136.16,1.0,P,135.87,1.0,['R'],C,136.015
META,2023-01-17 10:25:47.458089+00:00,T,136.28,2.0,P,135.87,1.0,['R'],C,136.075
META,2023-01-17 10:25:47.460917+00:00,P,136.16,1.0,P,135.87,1.0,['R'],C,136.015
META,2023-01-17 10:26:07.255094+00:00,P,136.16,1.0,T,135.86,2.0,['R'],C,136.01
META,2023-01-17 10:26:07.258133+00:00,P,136.16,1.0,P,135.88,1.0,['R'],C,136.01999999999998
META,2023-01-17 10:26:14.460402+00:00,P,136.16,1.0,T,135.8,1.0,['R'],C,135.98000000000002
META,2023-01-17 10:26:14.501176+00:00,P,136.16,1.0,P,135.88,1.0,['R'],C,136.01999999999998
META,2023-01-17 10:26:14.669027+00:00,P,136.16,1.0,T,135.84,2.0,['R'],C,136.0
META,2023-01-17 10:26:14.692484+00:00,P,136.16,1.0,P,135.87,1.0,['R'],C,136.015
META,2023-01-17 10:26:17.718279+00:00,P,136.16,1.0,T,135.84,2.0,['R'],C,136.0
META,2023-01-17 10:26:17.721361+00:00,P,136.16,1.0,P,135.87,1.0,['R'],C,136.015
META,2023-01-17 10:26:17.761617+00:00,P,136.16,1.0,T,135.84,2.0,['R'],C,136.0
META,2023-01-17 10:26:17.803578+00:00,P,136.16,1.0,P,135.87,1.0,['R'],C,136.015
META,2023-01-17 10:26:18.457273+00:00,P,136.16,1.0,T,135.84,2.0,['R'],C,136.0
META,2023-01-17 10:26:30.331123+00:00,P,136.16,1.0,P,135.87,1.0,['R'],C,136.015
META,2023-01-17 10:26:35.540340+00:00,P,136.16,1.0,T,135.84,2.0,['R'],C,136.0
META,2023-01-17 10:26:35.542818+00:00,P,136.16,1.0,P,135.86,1.0,['R'],C,136.01
META,2023-01-17 10:26:37.704811+00:00,P,136.16,1.0,T,135.88,1.0,['R'],C,136.01999999999998
META,2023-01-17 10:27:06.443755+00:00,P,136.16,1.0,T,135.85,1.0,['R'],C,136.005
META,2023-01-17 10:27:32.838319+00:00,P,136.16,1.0,P,135.81,1.0,['R'],C,135.985
META,2023-01-17 10:27:32.839680+00:00,P,136.16,1.0,T,135.85,1.0,['R'],C,136.005
META,2023-01-17 10:28:46.542341+00:00,P,136.16,1.0,P,135.87,1.0,['R'],C,136.015
META,2023-01-17 10:28:49.221285+00:00,P,136.16,1.0,T,135.9,1.0,['R'],C,136.03
META,2023-01-17 10:29:34.232289+00:00,P,136.16,1.0,P,135.92,1.0,['R'],C,136.04
META,2023-01-17 10:29:35.684161+00:00,P,136.16,1.0,T,135.9,1.0,['R'],C,136.03
META,2023-01-17 10:29:35.725086+00:00,P,136.16,1.0,P,135.91,1.0,['R'],C,136.035
META,2023-01-17 10:29:41.294786+00:00,P,136.16,1.0,T,135.9,1.0,['R'],C,136.03
META,2023-01-17 10:29:41.336337+00:00,P,136.16,1.0,P,135.92,1.0,['R'],C,136.04
META,2023-01-17 10:29:41.450247+00:00,P,136.16,1.0,T,135.9,1.0,['R'],C,136.03
META,2023-01-17 10:29:41.491091+00:00,P,136.16,1.0,P,135.91,1.0,['R'],C,136.035
META,2023-01-17 10:29:46.490673+00:00,P,136.16,1.0,T,135.9,1.0,['R'],C,136.03
META,2023-01-17 10:29:46.532278+00:00,P,136.16,1.0,P,135.92,1.0,['R'],C,136.04
META,2023-01-17 10:29:56.598906+00:00,T,136.28,2.0,P,135.92,1.0,['R'],C,136.1
META,2023-01-17 10:29:56.601556+00:00,P,136.17,1.0,P,135.92,1.0,['R'],C,136.045
META,2023-01-17 10:29:56.603514+00:00,T,136.28,2.0,P,135.92,1.0,['R'],C,136.1
META,2023-01-17 10:29:56.672821+00:00,T,136.28,2.0,T,135.9,1.0,['R'],C,136.09
META,2023-01-17 10:29:57.005190+00:00,P,136.29,1.0,P,135.9,1.0,['R'],C,136.095
META,2023-01-17 10:29:57.418963+00:00,P,136.29,1.0,T,135.9,3.0,['R'],C,136.095
META,2023-01-17 10:30:01.717887+00:00,P,136.29,1.0,P,135.94,1.0,['R'],C,136.115
META,2023-01-17 10:30:05.172320+00:00,P,136.29,1.0,T,135.91,2.0,['R'],C,136.1
META,2023-01-17 10:30:06.644562+00:00,P,136.3,5.0,T,135.91,2.0,['R'],C,136.10500000000002
META,2023-01-17 10:30:06.685456+00:00,P,136.17,1.0,T,135.91,2.0,['R'],C,136.04
META,2023-01-17 10:30:10.081467+00:00,P,136.3,5.0,T,135.91,2.0,['R'],C,136.10500000000002
META,2023-01-17 10:30:10.084218+00:00,P,136.29,1.0,T,135.91,2.0,['R'],C,136.1
META,2023-01-17 10:30:27.557237+00:00,P,136.3,5.0,T,135.91,2.0,['R'],C,136.10500000000002
META,2023-01-17 10:30:27.598197+00:00,P,136.29,1.0,T,135.91,2.0,['R'],C,136.1
META,2023-01-17 10:30:41.844533+00:00,P,136.3,5.0,T,135.91,2.0,['R'],C,136.10500000000002
META,2023-01-17 10:30:41.847487+00:00,P,136.29,1.0,T,135.91,2.0,['R'],C,136.1
META,2023-01-17 10:30:44.850192+00:00,P,136.29,1.0,T,136.0,2.0,['R'],C,136.14499999999998
META,2023-01-17 10:30:51.847907+00:00,P,136.3,5.0,T,136.0,2.0,['R'],C,136.15
META,2023-01-17 10:30:51.889013+00:00,P,136.17,1.0,T,136.0,2.0,['R'],C,136.08499999999998
META,2023-01-17 10:30:59.896983+00:00,P,136.3,5.0,T,136.0,2.0,['R'],C,136.15
META,2023-01-17 10:30:59.901305+00:00,P,136.29,1.0,T,136.0,2.0,['R'],C,136.14499999999998
META,2023-01-17 10:31:03.075840+00:00,P,136.29,1.0,T,135.93,2.0,['R'],C,136.11
META,2023-01-17 10:31:03.075919+00:00,P,136.29,1.0,P,135.9,1.0,['R'],C,136.095
META,2023-01-17 10:31:05.610963+00:00,P,136.29,1.0,T,135.91,2.0,['R'],C,136.1
META,2023-01-17 10:31:09.900454+00:00,P,136.3,5.0,T,135.91,2.0,['R'],C,136.10500000000002
META,2023-01-17 10:31:09.942043+00:00,P,136.17,1.0,T,135.91,2.0,['R'],C,136.04
META,2023-01-17 10:31:25.045415+00:00,P,136.3,5.0,T,135.91,2.0,['R'],C,136.10500000000002
META,2023-01-17 10:31:25.050557+00:00,P,136.16,1.0,T,135.91,2.0,['R'],C,136.035
META,2023-01-17 10:31:25.173842+00:00,P,136.3,5.0,T,135.91,2.0,['R'],C,136.10500000000002
META,2023-01-17 10:31:25.176561+00:00,P,136.17,1.0,T,135.91,2.0,['R'],C,136.04
META,2023-01-17 10:31:25.936532+00:00,P,136.3,5.0,T,135.91,2.0,['R'],C,136.10500000000002
META,2023-01-17 10:31:25.977916+00:00,P,136.29,1.0,T,135.91,2.0,['R'],C,136.1
META,2023-01-17 10:31:38.695658+00:00,P,136.3,5.0,T,135.91,2.0,['R'],C,136.10500000000002
META,2023-01-17 10:31:38.697937+00:00,P,136.17,1.0,T,135.91,2.0,['R'],C,136.04
META,2023-01-17 10:31:40.498852+00:00,P,136.3,5.0,T,135.91,2.0,['R'],C,136.10500000000002
META,2023-01-17 10:31:40.501092+00:00,P,136.29,1.0,T,135.91,2.0,['R'],C,136.1
META,2023-01-17 10:31:50.501237+00:00,P,136.3,5.0,T,135.91,2.0,['R'],C,136.10500000000002
META,2023-01-17 10:31:50.542801+00:00,P,136.17,1.0,T,135.91,2.0,['R'],C,136.04
META,2023-01-17 10:31:54.064495+00:00,P,136.3,5.0,T,135.91,2.0,['R'],C,136.10500000000002
META,2023-01-17 10:31:54.104886+00:00,P,136.29,1.0,T,135.91,2.0,['R'],C,136.1
META,2023-01-17 10:33:15.689576+00:00,P,136.3,5.0,T,135.91,2.0,['R'],C,136.10500000000002
META,2023-01-17 10:33:15.722234+00:00,P,136.29,1.0,T,135.91,2.0,['R'],C,136.1
META,2023-01-17 10:33:59.913865+00:00,P,136.29,1.0,P,135.92,1.0,['R'],C,136.105
META,2023-01-17 10:33:59.969741+00:00,P,136.29,1.0,T,135.92,2.0,['R'],C,136.105
META,2023-01-17 10:34:49.040430+00:00,P,136.3,5.0,T,135.92,2.0,['R'],C,136.11
META,2023-01-17 10:34:49.043466+00:00,P,136.17,1.0,T,135.92,2.0,['R'],C,136.045
META,2023-01-17 10:34:49.047166+00:00,P,136.3,5.0,T,135.92,2.0,['R'],C,136.11
META,2023-01-17 10:34:49.055552+00:00,P,136.17,1.0,T,135.92,2.0,['R'],C,136.045
META,2023-01-17 10:34:49.159601+00:00,P,136.3,5.0,T,135.92,2.0,['R'],C,136.11
META,2023-01-17 10:34:49.161876+00:00,P,136.29,1.0,T,135.92,2.0,['R'],C,136.105
META,2023-01-17 10:36:05.139254+00:00,P,136.3,5.0,T,135.92,2.0,['R'],C,136.11
META,2023-01-17 10:36:05.142929+00:00,P,136.17,1.0,T,135.92,2.0,['R'],C,136.045
META,2023-01-17 10:36:05.722821+00:00,P,136.3,5.0,T,135.92,2.0,['R'],C,136.11
META,2023-01-17 10:36:05.725479+00:00,P,136.29,1.0,T,135.92,2.0,['R'],C,136.105
META,2023-01-17 10:36:15.725320+00:00,P,136.3,5.0,T,135.92,2.0,['R'],C,136.11
META,2023-01-17 10:36:15.728654+00:00,P,136.17,1.0,T,135.92,2.0,['R'],C,136.045
META,2023-01-17 10:36:24.828225+00:00,P,136.3,5.0,T,135.92,2.0,['R'],C,136.11
META,2023-01-17 10:36:24.833147+00:00,P,136.16,1.0,T,135.92,2.0,['R'],C,136.04
META,2023-01-17 10:36:24.891658+00:00,P,136.3,5.0,T,135.92,2.0,['R'],C,136.11
META,2023-01-17 10:36:24.933002+00:00,P,136.29,1.0,T,135.92,2.0,['R'],C,136.105
META,2023-01-17 10:36:34.933209+00:00,P,136.3,5.0,T,135.92,2.0,['R'],C,136.11
META,2023-01-17 10:36:34.942214+00:00,P,136.17,1.0,T,135.92,2.0,['R'],C,136.045
META,2023-01-17 10:37:00.740725+00:00,P,136.3,5.0,T,135.92,2.0,['R'],C,136.11
META,2023-01-17 10:37:00.954735+00:00,P,136.16,1.0,T,135.92,2.0,['R'],C,136.04
META,2023-01-17 10:37:00.957315+00:00,P,136.3,5.0,T,135.92,2.0,['R'],C,136.11
META,2023-01-17 10:37:01.000042+00:00,P,136.17,1.0,T,135.92,2.0,['R'],C,136.045
META,2023-01-17 10:37:07.074049+00:00,P,136.3,5.0,T,135.92,2.0,['R'],C,136.11
META,2023-01-17 10:37:07.077336+00:00,P,136.15,1.0,T,135.92,2.0,['R'],C,136.035
META,2023-01-17 10:37:09.942457+00:00,P,136.3,5.0,T,135.92,2.0,['R'],C,136.11
META,2023-01-17 10:37:09.944722+00:00,P,136.17,1.0,T,135.92,2.0,['R'],C,136.045
META,2023-01-17 10:37:15.309467+00:00,P,136.3,5.0,T,135.92,2.0,['R'],C,136.11
META,2023-01-17 10:37:15.313137+00:00,P,136.29,1.0,T,135.92,2.0,['R'],C,136.105
META,2023-01-17 10:37:15.313375+00:00,P,136.29,1.0,P,136.01,1.0,['R'],C,136.14999999999998
META,2023-01-17 10:37:15.358746+00:00,P,136.29,1.0,T,135.92,2.0,['R'],C,136.105
META,2023-01-17 10:37:25.314206+00:00,P,136.3,5.0,T,135.92,2.0,['R'],C,136.11
META,2023-01-17 10:37:25.316676+00:00,P,136.17,1.0,T,135.92,2.0,['R'],C,136.045
META,2023-01-17 10:37:41.833707+00:00,P,136.3,5.0,T,135.92,2.0,['R'],C,136.11
META,2023-01-17 10:37:41.873075+00:00,P,136.17,1.0,T,135.92,2.0,['R'],C,136.045
META,2023-01-17 10:37:42.007305+00:00,P,136.3,5.0,T,135.92,2.0,['R'],C,136.11
META,2023-01-17 10:37:42.009508+00:00,P,136.29,1.0,T,135.92,2.0,['R'],C,136.105
META,2023-01-17 10:37:55.351482+00:00,P,136.3,5.0,T,135.92,2.0,['R'],C,136.11
META,2023-01-17 10:37:55.392710+00:00,P,136.17,1.0,T,135.92,2.0,['R'],C,136.045
META,2023-01-17 10:38:05.392720+00:00,P,136.3,5.0,T,135.92,2.0,['R'],C,136.11
META,2023-01-17 10:38:05.395794+00:00,P,136.16,1.0,T,135.92,2.0,['R'],C,136.04
META,2023-01-17 10:38:19.598521+00:00,P,136.3,5.0,T,135.92,2.0,['R'],C,136.11
META,2023-01-17 10:38:19.601439+00:00,P,136.15,1.0,T,135.92,2.0,['R'],C,136.035
META,2023-01-17 10:38:23.268854+00:00,T,136.29,2.0,T,135.92,2.0,['R'],C,136.105
META,2023-01-17 10:38:23.271776+00:00,P,136.16,1.0,T,135.92,2.0,['R'],C,136.04
META,2023-01-17 10:38:49.283266+00:00,T,136.29,2.0,T,135.92,2.0,['R'],C,136.105
META,2023-01-17 10:38:49.286229+00:00,P,136.15,1.0,T,135.92,2.0,['R'],C,136.035
META,2023-01-17 10:39:03.794775+00:00,T,136.28,2.0,T,135.92,2.0,['R'],C,136.1
META,2023-01-17 10:39:03.797657+00:00,P,136.16,1.0,T,135.92,2.0,['R'],C,136.04
META,2023-01-17 10:39:11.116626+00:00,T,136.28,2.0,T,135.92,2.0,['R'],C,136.1
META,2023-01-17 10:39:11.119781+00:00,P,136.15,1.0,T,135.92,2.0,['R'],C,136.035
META,2023-01-17 10:39:11.128457+00:00,T,136.28,2.0,T,135.92,2.0,['R'],C,136.1
META,2023-01-17 10:39:11.161961+00:00,P,136.16,1.0,T,135.92,2.0,['R'],C,136.04
META,2023-01-17 10:39:24.229581+00:00,T,136.28,2.0,T,135.92,2.0,['R'],C,136.1
META,2023-01-17 10:39:24.236221+00:00,P,136.15,1.0,T,135.92,2.0,['R'],C,136.035
META,2023-01-17 10:39:24.889426+00:00,T,136.28,2.0,T,135.92,2.0,['R'],C,136.1
META,2023-01-17 10:39:24.931293+00:00,P,136.16,1.0,T,135.92,2.0,['R'],C,136.04
META,2023-01-17 10:39:36.897034+00:00,T,136.28,2.0,T,135.92,2.0,['R'],C,136.1
META,2023-01-17 10:39:36.899861+00:00,P,136.15,1.0,T,135.92,2.0,['R'],C,136.035
META,2023-01-17 10:40:01.505080+00:00,T,136.28,2.0,T,135.92,2.0,['R'],C,136.1
META,2023-01-17 10:40:01.550196+00:00,P,136.15,1.0,T,135.92,2.0,['R'],C,136.035
META,2023-01-17 10:40:02.262446+00:00,T,136.28,2.0,T,135.92,2.0,['R'],C,136.1
META,2023-01-17 10:40:02.265800+00:00,P,136.16,1.0,T,135.92,2.0,['R'],C,136.04
META,2023-01-17 10:40:14.800231+00:00,T,136.28,2.0,T,135.92,2.0,['R'],C,136.1
