_symbol,_timestamp,_ask_exchange,_ask_price,_ask_size,_bid_exchange,_bid_price,_bid_size,_conditions,_tape,market_price
SPY,2023-01-17 09:00:00.000932+00:00,A,0.0,0.0,T,397.41,5.0,['R'],B,198.705
SPY,2023-01-17 09:00:00.000972+00:00,T,397.5,5.0,T,397.41,5.0,['R'],B,397.45500000000004
SPY,2023-01-17 09:00:00.005222+00:00,T,397.5,5.0,T,397.41,6.0,['R'],B,397.45500000000004
SPY,2023-01-17 09:00:00.026372+00:00,T,397.5,5.0,P,397.41,7.0,['R'],B,397.45500000000004
SPY,2023-01-17 09:00:00.026397+00:00,T,397.5,5.0,T,397.41,6.0,['R'],B,397.45500000000004
SPY,2023-01-17 09:00:00.026412+00:00,T,397.5,5.0,P,397.43,5.0,['R'],B,397.46500000000003
SPY,2023-01-17 09:00:00.026417+00:00,P,397.5,13.0,P,397.43,5.0,['R'],B,397.46500000000003
SPY,2023-01-17 09:00:00.047532+00:00,P,397.5,13.0,K,397.82,3.0,['R'],B,397.65999999999997
SPY,2023-01-17 09:00:00.050534+00:00,P,397.5,13.0,P,397.43,5.0,['R'],B,397.46500000000003
SPY,2023-01-17 09:00:00.145746+00:00,P,397.5,13.0,P,397.43,6.0,['R'],B,397.46500000000003
SPY,2023-01-17 09:00:00.790995+00:00,P,397.5,12.0,T,397.43,6.0,['R'],B,397.46500000000003
SPY,2023-01-17 09:00:00.791070+00:00,T,397.5,5.0,T,397.43,6.0,['R'],B,397.46500000000003
SPY,2023-01-17 09:00:00.791732+00:00,P,397.5,4.0,P,397.43,6.0,['R'],B,397.46500000000003
SPY,2023-01-17 09:00:00.805008+00:00,P,397.5,4.0,T,397.43,6.0,['R'],B,397.46500000000003
SPY,2023-01-17 09:00:00.879199+00:00,P,397.5,4.0,K,397.43,5.0,['R'],B,397.46500000000003
SPY,2023-01-17 09:00:00.884487+00:00,P,397.5,4.0,T,397.43,5.0,['R'],B,397.46500000000003
SPY,2023-01-17 09:00:00.884768+00:00,P,397.5,4.0,P,397.4,14.0,['R'],B,397.45
SPY,2023-01-17 09:00:00.894952+00:00,K,397.5,5.0,P,397.4,14.0,['R'],B,397.45
SPY,2023-01-17 09:00:00.894962+00:00,P,397.5,9.0,P,397.4,14.0,['R'],B,397.45
SPY,2023-01-17 09:00:00.920793+00:00,P,397.5,9.0,P,397.4,19.0,['R'],B,397.45
SPY,2023-01-17 09:00:01.009850+00:00,P,397.49,5.0,P,397.4,19.0,['R'],B,397.445
SPY,2023-01-17 09:00:01.050371+00:00,K,397.49,4.0,P,397.4,19.0,['R'],B,397.445
SPY,2023-01-17 09:00:01.091995+00:00,P,397.49,8.0,P,397.4,19.0,['R'],B,397.445
SPY,2023-01-17 09:00:01.096681+00:00,P,397.49,8.0,T,397.4,11.0,['R'],B,397.445
SPY,2023-01-17 09:00:01.096851+00:00,T,397.48,5.0,T,397.4,11.0,['R'],B,397.44
SPY,2023-01-17 09:00:01.096952+00:00,T,397.48,5.0,P,397.4,6.0,['R'],B,397.44
SPY,2023-01-17 09:00:01.134862+00:00,T,397.48,5.0,T,397.4,6.0,['R'],B,397.44
SPY,2023-01-17 09:00:01.136075+00:00,T,397.48,5.0,K,397.4,5.0,['R'],B,397.44
SPY,2023-01-17 09:00:01.140305+00:00,T,397.48,5.0,P,397.4,5.0,['R'],B,397.44
SPY,2023-01-17 09:00:01.140375+00:00,T,397.48,5.0,P,397.37,13.0,['R'],B,397.425
SPY,2023-01-17 09:00:01.140435+00:00,T,397.48,5.0,P,397.37,14.0,['R'],B,397.425
SPY,2023-01-17 09:00:01.152278+00:00,P,397.47,5.0,P,397.37,14.0,['R'],B,397.42
SPY,2023-01-17 09:00:01.153040+00:00,T,397.47,5.0,P,397.37,14.0,['R'],B,397.42
SPY,2023-01-17 09:00:01.153376+00:00,T,397.48,5.0,P,397.37,14.0,['R'],B,397.425
SPY,2023-01-17 09:00:01.177789+00:00,T,397.48,5.0,P,397.38,5.0,['R'],B,397.43
SPY,2023-01-17 09:00:01.210000+00:00,T,397.48,5.0,K,397.38,5.0,['R'],B,397.43
SPY,2023-01-17 09:00:01.213759+00:00,P,397.47,5.0,K,397.38,5.0,['R'],B,397.425
SPY,2023-01-17 09:00:01.213779+00:00,P,397.47,5.0,T,397.38,5.0,['R'],B,397.425
SPY,2023-01-17 09:00:01.214035+00:00,P,397.47,5.0,P,397.38,5.0,['R'],B,397.425
SPY,2023-01-17 09:00:01.215102+00:00,T,397.47,5.0,T,397.38,5.0,['R'],B,397.425
SPY,2023-01-17 09:00:01.215373+00:00,P,397.48,5.0,K,397.38,5.0,['R'],B,397.43
SPY,2023-01-17 09:00:01.226499+00:00,P,397.48,5.0,P,397.38,5.0,['R'],B,397.43
SPY,2023-01-17 09:00:01.252566+00:00,P,397.48,10.0,T,397.38,5.0,['R'],B,397.43
SPY,2023-01-17 09:00:01.252837+00:00,P,397.48,10.0,K,397.38,5.0,['R'],B,397.43
SPY,2023-01-17 09:00:01.356433+00:00,T,397.48,10.0,K,397.38,5.0,['R'],B,397.43
SPY,2023-01-17 09:00:01.356448+00:00,T,397.48,10.0,T,397.38,5.0,['R'],B,397.43
SPY,2023-01-17 09:00:01.356699+00:00,P,397.48,5.0,P,397.38,5.0,['R'],B,397.43
SPY,2023-01-17 09:00:01.366678+00:00,T,397.48,5.0,K,397.38,5.0,['R'],B,397.43
SPY,2023-01-17 09:00:01.366688+00:00,P,397.46,8.0,K,397.38,5.0,['R'],B,397.41999999999996
SPY,2023-01-17 09:00:01.366958+00:00,P,397.46,8.0,T,397.38,5.0,['R'],B,397.41999999999996
SPY,2023-01-17 09:00:01.366998+00:00,P,397.46,8.0,P,397.38,5.0,['R'],B,397.41999999999996
SPY,2023-01-17 09:00:01.368642+00:00,P,397.46,8.0,K,397.38,5.0,['R'],B,397.41999999999996
SPY,2023-01-17 09:00:01.368642+00:00,P,397.46,8.0,T,397.38,5.0,['R'],B,397.41999999999996
SPY,2023-01-17 09:00:01.368908+00:00,P,397.46,8.0,P,397.37,1.0,['R'],B,397.41499999999996
SPY,2023-01-17 09:00:01.399486+00:00,P,397.45,5.0,T,397.37,1.0,['R'],B,397.40999999999997
SPY,2023-01-17 09:00:01.399766+00:00,P,397.45,5.0,P,397.37,1.0,['R'],B,397.40999999999997
SPY,2023-01-17 09:00:01.404678+00:00,K,397.45,5.0,T,397.37,1.0,['R'],B,397.40999999999997
SPY,2023-01-17 09:00:01.404683+00:00,T,397.45,5.0,T,397.37,1.0,['R'],B,397.40999999999997
SPY,2023-01-17 09:00:01.404954+00:00,P,397.46,8.0,P,397.37,1.0,['R'],B,397.41499999999996
SPY,2023-01-17 09:00:01.411805+00:00,P,397.46,13.0,T,397.37,1.0,['R'],B,397.41499999999996
SPY,2023-01-17 09:00:01.448953+00:00,P,397.46,13.0,P,397.33,14.0,['R'],B,397.395
SPY,2023-01-17 09:00:01.485670+00:00,P,397.46,13.0,P,397.34,5.0,['R'],B,397.4
SPY,2023-01-17 09:00:01.856041+00:00,P,397.46,13.0,P,397.36,13.0,['R'],B,397.40999999999997
SPY,2023-01-17 09:00:01.856041+00:00,P,397.46,13.0,P,397.36,8.0,['R'],B,397.40999999999997
SPY,2023-01-17 09:00:01.856116+00:00,P,397.46,13.0,P,397.36,14.0,['R'],B,397.40999999999997
SPY,2023-01-17 09:00:01.869502+00:00,P,397.46,13.0,P,397.37,5.0,['R'],B,397.41499999999996
SPY,2023-01-17 09:00:02.501174+00:00,P,397.46,12.0,K,397.37,5.0,['R'],B,397.41499999999996
SPY,2023-01-17 09:00:03.615332+00:00,P,397.46,12.0,T,397.37,5.0,['R'],B,397.41499999999996
SPY,2023-01-17 09:00:03.615597+00:00,P,397.46,12.0,P,397.36,1.0,['R'],B,397.40999999999997
SPY,2023-01-17 09:00:03.654891+00:00,P,397.46,12.0,P,397.36,6.0,['R'],B,397.40999999999997
SPY,2023-01-17 09:00:03.654891+00:00,P,397.46,12.0,P,397.37,8.0,['R'],B,397.41499999999996
SPY,2023-01-17 09:00:04.005023+00:00,P,397.46,12.0,P,397.38,5.0,['R'],B,397.41999999999996
SPY,2023-01-17 09:00:04.005093+00:00,P,397.46,12.0,P,397.38,6.0,['R'],B,397.41999999999996
SPY,2023-01-17 09:00:04.011558+00:00,P,397.46,12.0,T,397.38,1.0,['R'],B,397.41999999999996
SPY,2023-01-17 09:00:05.444900+00:00,P,397.46,12.0,P,397.38,6.0,['R'],B,397.41999999999996
SPY,2023-01-17 09:00:05.598997+00:00,P,397.46,7.0,T,397.38,6.0,['R'],B,397.41999999999996
SPY,2023-01-17 09:00:05.599006+00:00,K,397.46,5.0,T,397.38,6.0,['R'],B,397.41999999999996
SPY,2023-01-17 09:00:05.599267+00:00,T,397.46,5.0,T,397.38,6.0,['R'],B,397.41999999999996
SPY,2023-01-17 09:00:05.599297+00:00,P,397.47,18.0,P,397.38,6.0,['R'],B,397.425
SPY,2023-01-17 09:00:05.600224+00:00,P,397.47,18.0,P,397.38,14.0,['R'],B,397.425
SPY,2023-01-17 09:00:05.600239+00:00,P,397.47,18.0,P,397.38,19.0,['R'],B,397.425
SPY,2023-01-17 09:00:05.603532+00:00,P,397.47,13.0,P,397.38,19.0,['R'],B,397.425
SPY,2023-01-17 09:00:05.613651+00:00,P,397.47,13.0,P,397.39,5.0,['R'],B,397.43
SPY,2023-01-17 09:00:05.863545+00:00,P,397.47,8.0,T,397.39,5.0,['R'],B,397.43
SPY,2023-01-17 09:00:05.863550+00:00,K,397.47,3.0,T,397.39,5.0,['R'],B,397.43
SPY,2023-01-17 09:00:05.863806+00:00,K,397.47,3.0,K,397.39,5.0,['R'],B,397.43
SPY,2023-01-17 09:00:06.223220+00:00,K,397.47,3.0,T,397.39,5.0,['R'],B,397.43
SPY,2023-01-17 09:00:06.223561+00:00,K,397.47,3.0,K,397.39,5.0,['R'],B,397.43
SPY,2023-01-17 09:00:06.502754+00:00,K,397.47,3.0,P,397.39,5.0,['R'],B,397.43
SPY,2023-01-17 09:00:06.502764+00:00,K,397.47,3.0,T,397.39,5.0,['R'],B,397.43
SPY,2023-01-17 09:00:06.503050+00:00,K,397.47,3.0,P,397.38,6.0,['R'],B,397.425
SPY,2023-01-17 09:00:06.904630+00:00,K,397.47,3.0,P,397.39,5.0,['R'],B,397.43
SPY,2023-01-17 09:00:06.947105+00:00,K,397.47,3.0,K,397.39,5.0,['R'],B,397.43
SPY,2023-01-17 09:00:06.947120+00:00,K,397.47,3.0,T,397.39,5.0,['R'],B,397.43
SPY,2023-01-17 09:00:06.947376+00:00,K,397.47,3.0,P,397.38,1.0,['R'],B,397.425
SPY,2023-01-17 09:00:06.984605+00:00,K,397.47,3.0,P,397.38,6.0,['R'],B,397.425
SPY,2023-01-17 09:00:06.995441+00:00,P,397.47,5.0,T,397.38,6.0,['R'],B,397.425
SPY,2023-01-17 09:00:06.995506+00:00,K,397.47,8.0,T,397.38,6.0,['R'],B,397.425
SPY,2023-01-17 09:00:06.995711+00:00,K,397.47,8.0,P,397.38,6.0,['R'],B,397.425
SPY,2023-01-17 09:00:07.083560+00:00,K,397.47,8.0,T,397.38,6.0,['R'],B,397.425
SPY,2023-01-17 09:00:07.083575+00:00,T,397.47,5.0,T,397.38,6.0,['R'],B,397.425
SPY,2023-01-17 09:00:07.083826+00:00,K,397.47,3.0,P,397.38,6.0,['R'],B,397.425
SPY,2023-01-17 09:00:07.217834+00:00,K,397.47,3.0,T,397.38,6.0,['R'],B,397.425
SPY,2023-01-17 09:00:07.218095+00:00,K,397.47,3.0,P,397.38,6.0,['R'],B,397.425
SPY,2023-01-17 09:00:07.264315+00:00,K,397.47,3.0,T,397.38,6.0,['R'],B,397.425
SPY,2023-01-17 09:00:07.264626+00:00,K,397.47,3.0,P,397.38,6.0,['R'],B,397.425
SPY,2023-01-17 09:00:07.281757+00:00,K,397.47,3.0,P,397.39,5.0,['R'],B,397.43
SPY,2023-01-17 09:00:08.394447+00:00,K,397.47,2.0,P,397.39,5.0,['R'],B,397.43
SPY,2023-01-17 09:00:08.785035+00:00,K,397.47,2.0,T,397.39,5.0,['R'],B,397.43
SPY,2023-01-17 09:00:08.785305+00:00,K,397.47,2.0,P,397.38,1.0,['R'],B,397.425
SPY,2023-01-17 09:00:08.822714+00:00,K,397.47,2.0,P,397.38,6.0,['R'],B,397.425
SPY,2023-01-17 09:00:09.065481+00:00,K,397.47,2.0,P,397.38,14.0,['R'],B,397.425
SPY,2023-01-17 09:00:09.065487+00:00,K,397.47,2.0,P,397.38,19.0,['R'],B,397.425
SPY,2023-01-17 09:00:09.096626+00:00,K,397.47,2.0,P,397.38,14.0,['R'],B,397.425
SPY,2023-01-17 09:00:09.096631+00:00,K,397.47,2.0,T,397.38,11.0,['R'],B,397.425
SPY,2023-01-17 09:00:09.096942+00:00,K,397.47,2.0,P,397.38,6.0,['R'],B,397.425
SPY,2023-01-17 09:00:09.112849+00:00,K,397.47,2.0,T,397.38,6.0,['R'],B,397.425
SPY,2023-01-17 09:00:09.113125+00:00,K,397.47,2.0,P,397.38,6.0,['R'],B,397.425
SPY,2023-01-17 09:00:09.129739+00:00,K,397.47,2.0,T,397.38,6.0,['R'],B,397.425
SPY,2023-01-17 09:00:09.130010+00:00,K,397.47,2.0,P,397.38,6.0,['R'],B,397.425
SPY,2023-01-17 09:00:09.277395+00:00,K,397.47,2.0,T,397.39,5.0,['R'],B,397.43
SPY,2023-01-17 09:00:09.738828+00:00,K,397.47,2.0,P,397.38,19.0,['R'],B,397.425
SPY,2023-01-17 09:00:09.753487+00:00,K,397.47,2.0,P,397.39,5.0,['R'],B,397.43
SPY,2023-01-17 09:00:11.412385+00:00,K,397.47,1.0,P,397.39,5.0,['R'],B,397.43
SPY,2023-01-17 09:00:12.878082+00:00,K,397.47,1.0,T,397.39,5.0,['R'],B,397.43
SPY,2023-01-17 09:00:12.878343+00:00,K,397.47,1.0,P,397.38,1.0,['R'],B,397.425
SPY,2023-01-17 09:00:12.914769+00:00,K,397.47,1.0,P,397.38,6.0,['R'],B,397.425
SPY,2023-01-17 09:00:13.372392+00:00,K,397.47,1.0,P,397.39,5.0,['R'],B,397.43
SPY,2023-01-17 09:00:13.458908+00:00,K,397.47,1.0,K,397.39,5.0,['R'],B,397.43
SPY,2023-01-17 09:00:13.458933+00:00,K,397.47,1.0,T,397.39,5.0,['R'],B,397.43
SPY,2023-01-17 09:00:13.459178+00:00,K,397.47,1.0,P,397.38,6.0,['R'],B,397.425
SPY,2023-01-17 09:00:13.935661+00:00,K,397.47,1.0,P,397.39,5.0,['R'],B,397.43
SPY,2023-01-17 09:00:13.936788+00:00,K,397.47,1.0,K,397.39,5.0,['R'],B,397.43
SPY,2023-01-17 09:00:13.936803+00:00,K,397.47,1.0,T,397.39,5.0,['R'],B,397.43
SPY,2023-01-17 09:00:13.937059+00:00,K,397.47,1.0,P,397.38,1.0,['R'],B,397.425
SPY,2023-01-17 09:00:13.973516+00:00,K,397.47,1.0,P,397.38,6.0,['R'],B,397.425
SPY,2023-01-17 09:00:14.510512+00:00,P,397.47,5.0,T,397.38,6.0,['R'],B,397.425
SPY,2023-01-17 09:00:14.510542+00:00,K,397.47,6.0,T,397.38,6.0,['R'],B,397.425
SPY,2023-01-17 09:00:14.510777+00:00,K,397.47,6.0,P,397.38,6.0,['R'],B,397.425
SPY,2023-01-17 09:00:14.703691+00:00,K,397.47,6.0,T,397.38,6.0,['R'],B,397.425
SPY,2023-01-17 09:00:14.703706+00:00,T,397.47,5.0,T,397.38,6.0,['R'],B,397.425
SPY,2023-01-17 09:00:14.703956+00:00,K,397.47,1.0,P,397.38,6.0,['R'],B,397.425
SPY,2023-01-17 09:00:14.714261+00:00,K,397.47,1.0,T,397.38,6.0,['R'],B,397.425
SPY,2023-01-17 09:00:14.714532+00:00,K,397.47,1.0,P,397.38,6.0,['R'],B,397.425
SPY,2023-01-17 09:00:14.745500+00:00,K,397.47,1.0,T,397.38,6.0,['R'],B,397.425
SPY,2023-01-17 09:00:14.745776+00:00,K,397.47,1.0,P,397.38,6.0,['R'],B,397.425
SPY,2023-01-17 09:00:14.756662+00:00,K,397.47,1.0,P,397.39,5.0,['R'],B,397.43
SPY,2023-01-17 09:00:15.583934+00:00,K,397.47,1.0,P,397.4,1.0,['R'],B,397.435
SPY,2023-01-17 09:00:15.584005+00:00,K,397.47,1.0,P,397.4,2.0,['R'],B,397.435
SPY,2023-01-17 09:00:15.666055+00:00,K,397.47,1.0,P,397.4,7.0,['R'],B,397.435
SPY,2023-01-17 09:00:15.985479+00:00,K,397.47,1.0,K,397.4,5.0,['R'],B,397.435
SPY,2023-01-17 09:00:15.985494+00:00,K,397.47,1.0,P,397.4,2.0,['R'],B,397.435
SPY,2023-01-17 09:00:16.175240+00:00,K,397.47,1.0,T,397.4,1.0,['R'],B,397.435
SPY,2023-01-17 09:00:16.175551+00:00,K,397.47,1.0,P,397.4,1.0,['R'],B,397.435
SPY,2023-01-17 09:00:16.186051+00:00,P,397.47,5.0,P,397.4,1.0,['R'],B,397.435
SPY,2023-01-17 09:00:16.186086+00:00,K,397.47,6.0,P,397.4,1.0,['R'],B,397.435
SPY,2023-01-17 09:00:18.831123+00:00,T,397.47,4.0,P,397.4,1.0,['R'],B,397.435
SPY,2023-01-17 09:00:18.831373+00:00,K,397.47,1.0,P,397.4,1.0,['R'],B,397.435
SPY,2023-01-17 09:00:18.855365+00:00,P,397.47,5.0,P,397.4,1.0,['R'],B,397.435
SPY,2023-01-17 09:00:18.855396+00:00,K,397.47,6.0,P,397.4,1.0,['R'],B,397.435
SPY,2023-01-17 09:00:19.531807+00:00,T,397.47,5.0,P,397.4,1.0,['R'],B,397.435
SPY,2023-01-17 09:00:19.532057+00:00,K,397.47,1.0,P,397.4,1.0,['R'],B,397.435
SPY,2023-01-17 09:00:19.541776+00:00,K,397.47,1.0,P,397.4,6.0,['R'],B,397.435
SPY,2023-01-17 09:00:19.545249+00:00,K,397.47,1.0,P,397.4,7.0,['R'],B,397.435
SPY,2023-01-17 09:00:19.867539+00:00,K,397.47,1.0,K,397.4,5.0,['R'],B,397.435
SPY,2023-01-17 09:00:19.867549+00:00,K,397.47,1.0,P,397.4,2.0,['R'],B,397.435
SPY,2023-01-17 09:00:20.811835+00:00,K,397.47,1.0,P,397.4,10.0,['R'],B,397.435
SPY,2023-01-17 09:00:20.811840+00:00,K,397.47,1.0,P,397.4,15.0,['R'],B,397.435
SPY,2023-01-17 09:00:20.819082+00:00,K,397.47,1.0,P,397.4,7.0,['R'],B,397.435
SPY,2023-01-17 09:00:20.819162+00:00,K,397.47,1.0,T,397.4,6.0,['R'],B,397.435
SPY,2023-01-17 09:00:20.819473+00:00,K,397.47,1.0,P,397.4,2.0,['R'],B,397.435
SPY,2023-01-17 09:00:20.821182+00:00,K,397.47,1.0,P,397.4,7.0,['R'],B,397.435
SPY,2023-01-17 09:00:21.151346+00:00,K,397.47,1.0,K,397.4,5.0,['R'],B,397.435
SPY,2023-01-17 09:00:21.151366+00:00,K,397.47,1.0,P,397.4,2.0,['R'],B,397.435
SPY,2023-01-17 09:00:21.166432+00:00,K,397.47,1.0,P,397.4,7.0,['R'],B,397.435
SPY,2023-01-17 09:00:21.733638+00:00,K,397.47,1.0,K,397.4,5.0,['R'],B,397.435
SPY,2023-01-17 09:00:21.733664+00:00,K,397.47,1.0,P,397.4,2.0,['R'],B,397.435
SPY,2023-01-17 09:00:21.734130+00:00,K,397.47,1.0,T,397.4,1.0,['R'],B,397.435
SPY,2023-01-17 09:00:21.734721+00:00,K,397.47,1.0,P,397.4,1.0,['R'],B,397.435
SPY,2023-01-17 09:00:21.745246+00:00,P,397.47,5.0,P,397.4,1.0,['R'],B,397.435
SPY,2023-01-17 09:00:21.745261+00:00,K,397.47,6.0,P,397.4,1.0,['R'],B,397.435
SPY,2023-01-17 09:00:21.904299+00:00,P,397.46,13.0,P,397.4,1.0,['R'],B,397.42999999999995
SPY,2023-01-17 09:00:21.904299+00:00,P,397.46,8.0,P,397.4,1.0,['R'],B,397.42999999999995
SPY,2023-01-17 09:00:24.508056+00:00,P,397.46,8.0,P,397.4,1.0,['R'],B,397.42999999999995
SPY,2023-01-17 09:00:24.508061+00:00,K,397.46,5.0,P,397.4,1.0,['R'],B,397.42999999999995
SPY,2023-01-17 09:00:24.508091+00:00,T,397.46,4.0,P,397.4,1.0,['R'],B,397.42999999999995
SPY,2023-01-17 09:00:30.852165+00:00,P,397.46,13.0,P,397.4,1.0,['R'],B,397.42999999999995
SPY,2023-01-17 09:00:30.852165+00:00,P,397.46,5.0,P,397.4,1.0,['R'],B,397.42999999999995
SPY,2023-01-17 09:00:30.852290+00:00,P,397.46,8.0,P,397.4,1.0,['R'],B,397.42999999999995
SPY,2023-01-17 09:00:30.852290+00:00,T,397.46,4.0,P,397.4,1.0,['R'],B,397.42999999999995
SPY,2023-01-17 09:00:30.852416+00:00,T,397.46,4.0,P,397.4,9.0,['R'],B,397.42999999999995
SPY,2023-01-17 09:00:30.852435+00:00,T,397.46,4.0,P,397.4,14.0,['R'],B,397.42999999999995
SPY,2023-01-17 09:00:30.852466+00:00,K,397.46,5.0,P,397.4,14.0,['R'],B,397.42999999999995
SPY,2023-01-17 09:00:30.852466+00:00,K,397.46,5.0,P,397.4,15.0,['R'],B,397.42999999999995
SPY,2023-01-17 09:00:30.852531+00:00,T,397.46,4.0,P,397.4,15.0,['R'],B,397.42999999999995
SPY,2023-01-17 09:00:30.852596+00:00,P,397.47,18.0,P,397.4,15.0,['R'],B,397.435
SPY,2023-01-17 09:00:30.852887+00:00,P,397.47,13.0,P,397.4,15.0,['R'],B,397.435
SPY,2023-01-17 09:00:30.854871+00:00,P,397.47,13.0,P,397.4,7.0,['R'],B,397.435
SPY,2023-01-17 09:00:30.854871+00:00,P,397.47,13.0,T,397.4,6.0,['R'],B,397.435
SPY,2023-01-17 09:00:30.855177+00:00,P,397.47,13.0,P,397.4,2.0,['R'],B,397.435
SPY,2023-01-17 09:00:30.867662+00:00,P,397.47,13.0,P,397.4,7.0,['R'],B,397.435
SPY,2023-01-17 09:00:31.319641+00:00,P,397.47,13.0,T,397.4,6.0,['R'],B,397.435
SPY,2023-01-17 09:00:31.319971+00:00,P,397.47,13.0,P,397.4,6.0,['R'],B,397.435
SPY,2023-01-17 09:00:31.323946+00:00,P,397.47,13.0,K,397.4,5.0,['R'],B,397.435
SPY,2023-01-17 09:00:31.323966+00:00,P,397.47,13.0,T,397.4,5.0,['R'],B,397.435
SPY,2023-01-17 09:00:31.324216+00:00,P,397.47,13.0,P,397.4,1.0,['R'],B,397.435
SPY,2023-01-17 09:00:31.334526+00:00,P,397.47,18.0,P,397.4,1.0,['R'],B,397.435
SPY,2023-01-17 09:00:31.442588+00:00,P,397.47,13.0,P,397.4,1.0,['R'],B,397.435
SPY,2023-01-17 09:00:31.586144+00:00,P,397.47,12.0,P,397.4,1.0,['R'],B,397.435
SPY,2023-01-17 09:00:32.327471+00:00,P,397.47,12.0,P,397.4,6.0,['R'],B,397.435
SPY,2023-01-17 09:00:32.340306+00:00,P,397.47,12.0,K,397.4,5.0,['R'],B,397.435
SPY,2023-01-17 09:00:32.340326+00:00,P,397.47,12.0,T,397.4,5.0,['R'],B,397.435
SPY,2023-01-17 09:00:32.340582+00:00,P,397.47,12.0,P,397.4,1.0,['R'],B,397.435
SPY,2023-01-17 09:00:32.958060+00:00,P,397.47,17.0,P,397.4,1.0,['R'],B,397.435
SPY,2023-01-17 09:00:33.620991+00:00,P,397.45,5.0,P,397.4,1.0,['R'],B,397.42499999999995
SPY,2023-01-17 09:00:34.084938+00:00,P,397.46,13.0,P,397.4,1.0,['R'],B,397.42999999999995
SPY,2023-01-17 09:00:34.404708+00:00,P,397.46,8.0,P,397.4,1.0,['R'],B,397.42999999999995
SPY,2023-01-17 09:00:34.404718+00:00,K,397.46,5.0,P,397.4,1.0,['R'],B,397.42999999999995
SPY,2023-01-17 09:00:34.404974+00:00,T,397.46,5.0,P,397.4,1.0,['R'],B,397.42999999999995
SPY,2023-01-17 09:00:34.405014+00:00,P,397.47,18.0,P,397.4,1.0,['R'],B,397.435
SPY,2023-01-17 09:00:34.578150+00:00,P,397.46,13.0,P,397.4,1.0,['R'],B,397.42999999999995
SPY,2023-01-17 09:00:34.578150+00:00,P,397.46,5.0,P,397.4,1.0,['R'],B,397.42999999999995
SPY,2023-01-17 09:00:34.831904+00:00,P,397.45,5.0,P,397.4,1.0,['R'],B,397.42499999999995
SPY,2023-01-17 09:00:34.856126+00:00,P,397.44,13.0,P,397.4,1.0,['R'],B,397.41999999999996
SPY,2023-01-17 09:00:34.856126+00:00,P,397.44,5.0,P,397.4,1.0,['R'],B,397.41999999999996
SPY,2023-01-17 09:00:34.933199+00:00,T,397.43,5.0,P,397.4,1.0,['R'],B,397.41499999999996
SPY,2023-01-17 09:00:34.951493+00:00,P,397.44,13.0,P,397.4,1.0,['R'],B,397.41999999999996
SPY,2023-01-17 09:00:34.951578+00:00,K,397.44,5.0,P,397.4,1.0,['R'],B,397.41999999999996
SPY,2023-01-17 09:00:34.951593+00:00,P,397.45,5.0,P,397.4,1.0,['R'],B,397.42499999999995
SPY,2023-01-17 09:00:35.145203+00:00,T,397.44,5.0,P,397.4,1.0,['R'],B,397.41999999999996
SPY,2023-01-17 09:00:37.104806+00:00,T,397.44,3.0,P,397.4,1.0,['R'],B,397.41999999999996
SPY,2023-01-17 09:00:37.559051+00:00,P,397.45,5.0,P,397.4,1.0,['R'],B,397.42499999999995
SPY,2023-01-17 09:00:37.568142+00:00,K,397.45,5.0,P,397.4,1.0,['R'],B,397.42499999999995
SPY,2023-01-17 09:00:37.582356+00:00,P,397.46,13.0,P,397.4,1.0,['R'],B,397.42999999999995
SPY,2023-01-17 09:00:37.774513+00:00,P,397.46,8.0,P,397.4,1.0,['R'],B,397.42999999999995
SPY,2023-01-17 09:00:37.774518+00:00,K,397.46,5.0,P,397.4,1.0,['R'],B,397.42999999999995
SPY,2023-01-17 09:00:37.774783+00:00,T,397.46,5.0,P,397.4,1.0,['R'],B,397.42999999999995
SPY,2023-01-17 09:00:37.774818+00:00,P,397.47,18.0,P,397.4,1.0,['R'],B,397.435
SPY,2023-01-17 09:00:37.779364+00:00,P,397.47,13.0,P,397.4,1.0,['R'],B,397.435
SPY,2023-01-17 09:00:38.053500+00:00,P,397.47,18.0,P,397.4,1.0,['R'],B,397.435
SPY,2023-01-17 09:00:38.102572+00:00,P,397.47,13.0,P,397.4,1.0,['R'],B,397.435
SPY,2023-01-17 09:00:38.983225+00:00,P,397.47,18.0,P,397.4,1.0,['R'],B,397.435
SPY,2023-01-17 09:00:39.681972+00:00,P,397.46,13.0,P,397.4,1.0,['R'],B,397.42999999999995
SPY,2023-01-17 09:00:39.681972+00:00,P,397.46,5.0,P,397.4,1.0,['R'],B,397.42999999999995
SPY,2023-01-17 09:00:42.261587+00:00,K,397.45,5.0,P,397.4,1.0,['R'],B,397.42499999999995
SPY,2023-01-17 09:00:42.967029+00:00,T,397.45,5.0,P,397.4,1.0,['R'],B,397.42499999999995
SPY,2023-01-17 09:00:42.967280+00:00,P,397.46,13.0,P,397.4,1.0,['R'],B,397.42999999999995
SPY,2023-01-17 09:00:44.071072+00:00,K,397.46,5.0,P,397.4,1.0,['R'],B,397.42999999999995
SPY,2023-01-17 09:00:44.071072+00:00,P,397.46,8.0,P,397.4,1.0,['R'],B,397.42999999999995
SPY,2023-01-17 09:00:44.071318+00:00,T,397.46,5.0,P,397.4,1.0,['R'],B,397.42999999999995
SPY,2023-01-17 09:00:44.071363+00:00,P,397.47,18.0,P,397.4,1.0,['R'],B,397.435
SPY,2023-01-17 09:00:44.071528+00:00,P,397.47,13.0,P,397.4,1.0,['R'],B,397.435
SPY,2023-01-17 09:00:44.107975+00:00,P,397.47,18.0,P,397.4,1.0,['R'],B,397.435
SPY,2023-01-17 09:00:45.422185+00:00,P,397.47,13.0,P,397.4,1.0,['R'],B,397.435
SPY,2023-01-17 09:00:45.432855+00:00,P,397.47,13.0,P,397.4,6.0,['R'],B,397.435
SPY,2023-01-17 09:00:45.519812+00:00,P,397.47,13.0,P,397.4,14.0,['R'],B,397.435
SPY,2023-01-17 09:00:45.519827+00:00,P,397.47,13.0,P,397.4,19.0,['R'],B,397.435
SPY,2023-01-17 09:00:45.519872+00:00,P,397.47,13.0,P,397.4,20.0,['R'],B,397.435
SPY,2023-01-17 09:00:45.523852+00:00,P,397.47,13.0,P,397.4,15.0,['R'],B,397.435
SPY,2023-01-17 09:00:46.095881+00:00,P,397.47,13.0,P,397.4,20.0,['R'],B,397.435
SPY,2023-01-17 09:00:47.260204+00:00,P,397.47,13.0,P,397.4,12.0,['R'],B,397.435
SPY,2023-01-17 09:00:47.260214+00:00,P,397.47,13.0,T,397.4,11.0,['R'],B,397.435
SPY,2023-01-17 09:00:47.260464+00:00,P,397.47,13.0,P,397.4,7.0,['R'],B,397.435
SPY,2023-01-17 09:00:48.143953+00:00,P,397.47,5.0,P,397.4,7.0,['R'],B,397.435
SPY,2023-01-17 09:00:48.143969+00:00,K,397.47,4.0,P,397.4,7.0,['R'],B,397.435
SPY,2023-01-17 09:00:48.450567+00:00,K,397.47,4.0,T,397.4,6.0,['R'],B,397.435
SPY,2023-01-17 09:00:48.450627+00:00,K,397.47,4.0,P,397.4,6.0,['R'],B,397.435
SPY,2023-01-17 09:00:48.450627+00:00,T,397.47,5.0,P,397.4,6.0,['R'],B,397.435
SPY,2023-01-17 09:00:48.455148+00:00,T,397.47,5.0,K,397.4,5.0,['R'],B,397.435
SPY,2023-01-17 09:00:48.455168+00:00,T,397.47,5.0,T,397.4,5.0,['R'],B,397.435
SPY,2023-01-17 09:00:48.455414+00:00,T,397.47,5.0,P,397.4,1.0,['R'],B,397.435
SPY,2023-01-17 09:00:48.465447+00:00,K,397.47,9.0,P,397.4,1.0,['R'],B,397.435
SPY,2023-01-17 09:00:48.465678+00:00,T,397.47,10.0,P,397.4,1.0,['R'],B,397.435
SPY,2023-01-17 09:00:48.643000+00:00,T,397.47,5.0,P,397.4,1.0,['R'],B,397.435
SPY,2023-01-17 09:00:51.779389+00:00,K,397.45,3.0,P,397.4,1.0,['R'],B,397.42499999999995
SPY,2023-01-17 09:00:51.927933+00:00,P,397.45,5.0,P,397.4,1.0,['R'],B,397.42499999999995
SPY,2023-01-17 09:00:51.927943+00:00,P,397.45,13.0,P,397.4,1.0,['R'],B,397.42499999999995
SPY,2023-01-17 09:00:51.928404+00:00,P,397.44,3.0,P,397.4,1.0,['R'],B,397.41999999999996
SPY,2023-01-17 09:00:51.928659+00:00,K,397.43,3.0,P,397.4,1.0,['R'],B,397.41499999999996
SPY,2023-01-17 09:00:52.006630+00:00,K,397.43,3.0,P,397.41,3.0,['R'],B,397.42
SPY,2023-01-17 09:00:52.006720+00:00,T,397.44,3.0,P,397.41,3.0,['R'],B,397.425
SPY,2023-01-17 09:00:52.006930+00:00,K,397.44,3.0,P,397.41,3.0,['R'],B,397.425
SPY,2023-01-17 09:00:52.007026+00:00,T,397.44,3.0,P,397.41,3.0,['R'],B,397.425
SPY,2023-01-17 09:00:52.007061+00:00,K,397.45,3.0,P,397.41,3.0,['R'],B,397.43
SPY,2023-01-17 09:00:52.090810+00:00,T,397.46,3.0,P,397.41,3.0,['R'],B,397.435
SPY,2023-01-17 09:00:52.091582+00:00,P,397.47,13.0,P,397.41,3.0,['R'],B,397.44000000000005
SPY,2023-01-17 09:00:53.860110+00:00,K,397.47,5.0,T,397.41,3.0,['R'],B,397.44000000000005
SPY,2023-01-17 09:00:53.860120+00:00,K,397.47,5.0,P,397.41,4.0,['R'],B,397.44000000000005
SPY,2023-01-17 09:00:53.860275+00:00,K,397.47,5.0,P,397.42,3.0,['R'],B,397.44500000000005
SPY,2023-01-17 09:00:53.860365+00:00,T,397.48,5.0,P,397.42,3.0,['R'],B,397.45000000000005
SPY,2023-01-17 09:00:53.860425+00:00,K,397.48,5.0,P,397.42,3.0,['R'],B,397.45000000000005
SPY,2023-01-17 09:00:53.860501+00:00,T,397.48,5.0,P,397.42,3.0,['R'],B,397.45000000000005
SPY,2023-01-17 09:00:53.860566+00:00,P,397.48,3.0,P,397.42,3.0,['R'],B,397.45000000000005
SPY,2023-01-17 09:00:53.862150+00:00,P,397.5,13.0,T,397.42,3.0,['R'],B,397.46000000000004
SPY,2023-01-17 09:00:53.874980+00:00,P,397.5,13.0,P,397.43,5.0,['R'],B,397.46500000000003
SPY,2023-01-17 09:00:53.883781+00:00,P,397.49,3.0,K,397.43,5.0,['R'],B,397.46000000000004
SPY,2023-01-17 09:00:53.884042+00:00,P,397.49,3.0,T,397.43,5.0,['R'],B,397.46000000000004
SPY,2023-01-17 09:00:53.884097+00:00,P,397.49,3.0,P,397.43,5.0,['R'],B,397.46000000000004
SPY,2023-01-17 09:00:53.888442+00:00,K,397.49,3.0,K,397.43,5.0,['R'],B,397.46000000000004
SPY,2023-01-17 09:00:53.888457+00:00,P,397.49,3.0,T,397.43,5.0,['R'],B,397.46000000000004
SPY,2023-01-17 09:00:53.888733+00:00,P,397.49,3.0,P,397.42,3.0,['R'],B,397.45500000000004
SPY,2023-01-17 09:00:56.439932+00:00,P,397.49,3.0,T,397.44,1.0,['R'],B,397.46500000000003
SPY,2023-01-17 09:00:56.439932+00:00,P,397.49,3.0,T,397.44,2.0,['R'],B,397.46500000000003
SPY,2023-01-17 09:00:56.439937+00:00,P,397.49,3.0,T,397.44,3.0,['R'],B,397.46500000000003
SPY,2023-01-17 09:00:56.439947+00:00,P,397.49,3.0,T,397.44,4.0,['R'],B,397.46500000000003
SPY,2023-01-17 09:00:56.439992+00:00,P,397.49,3.0,T,397.44,3.0,['R'],B,397.46500000000003
SPY,2023-01-17 09:00:56.440002+00:00,P,397.49,3.0,T,397.44,2.0,['R'],B,397.46500000000003
SPY,2023-01-17 09:00:56.440012+00:00,P,397.49,3.0,K,397.44,1.0,['R'],B,397.46500000000003
SPY,2023-01-17 09:00:56.440027+00:00,P,397.49,3.0,K,397.44,2.0,['R'],B,397.46500000000003
SPY,2023-01-17 09:00:56.440072+00:00,P,397.49,3.0,T,397.44,1.0,['R'],B,397.46500000000003
SPY,2023-01-17 09:00:56.459980+00:00,P,397.49,3.0,P,397.42,3.0,['R'],B,397.45500000000004
SPY,2023-01-17 09:00:57.331124+00:00,P,397.47,5.0,T,397.42,3.0,['R'],B,397.44500000000005
SPY,2023-01-17 09:00:57.331130+00:00,P,397.47,13.0,T,397.42,3.0,['R'],B,397.44500000000005
SPY,2023-01-17 09:00:57.331255+00:00,P,397.46,3.0,T,397.42,3.0,['R'],B,397.44
SPY,2023-01-17 09:00:57.331425+00:00,P,397.46,3.0,P,397.42,3.0,['R'],B,397.44
SPY,2023-01-17 09:00:58.329528+00:00,P,397.46,3.0,T,397.42,3.0,['R'],B,397.44
SPY,2023-01-17 09:00:58.329613+00:00,P,397.46,3.0,K,397.41,3.0,['R'],B,397.435
SPY,2023-01-17 09:00:58.775613+00:00,P,397.46,11.0,K,397.41,3.0,['R'],B,397.435
SPY,2023-01-17 09:00:58.775623+00:00,P,397.46,16.0,K,397.41,3.0,['R'],B,397.435
SPY,2023-01-17 09:00:58.775863+00:00,P,397.46,16.0,T,397.41,3.0,['R'],B,397.435
SPY,2023-01-17 09:00:58.775933+00:00,P,397.46,16.0,P,397.41,3.0,['R'],B,397.435
SPY,2023-01-17 09:00:59.244111+00:00,P,397.46,8.0,K,397.41,3.0,['R'],B,397.435
SPY,2023-01-17 09:00:59.244116+00:00,K,397.46,7.0,K,397.41,3.0,['R'],B,397.435
SPY,2023-01-17 09:00:59.244156+00:00,T,397.46,5.0,T,397.41,3.0,['R'],B,397.435
SPY,2023-01-17 09:00:59.244377+00:00,P,397.46,3.0,P,397.41,3.0,['R'],B,397.435
SPY,2023-01-17 09:01:00.008297+00:00,P,397.46,8.0,K,397.41,3.0,['R'],B,397.435
SPY,2023-01-17 09:01:00.008302+00:00,P,397.46,16.0,K,397.41,3.0,['R'],B,397.435
SPY,2023-01-17 09:01:00.008563+00:00,P,397.46,16.0,T,397.41,3.0,['R'],B,397.435
SPY,2023-01-17 09:01:00.008613+00:00,P,397.46,16.0,P,397.41,3.0,['R'],B,397.435
SPY,2023-01-17 09:01:00.009014+00:00,P,397.45,3.0,K,397.41,3.0,['R'],B,397.43
SPY,2023-01-17 09:01:00.009280+00:00,P,397.45,3.0,T,397.41,3.0,['R'],B,397.43
SPY,2023-01-17 09:01:00.009320+00:00,P,397.45,3.0,P,397.41,3.0,['R'],B,397.43
SPY,2023-01-17 09:01:00.009570+00:00,K,397.45,3.0,K,397.41,3.0,['R'],B,397.43
SPY,2023-01-17 09:01:00.009806+00:00,T,397.45,3.0,T,397.41,3.0,['R'],B,397.43
SPY,2023-01-17 09:01:00.009882+00:00,P,397.45,3.0,P,397.4,4.0,['R'],B,397.42499999999995
SPY,2023-01-17 09:01:00.541996+00:00,K,397.45,3.0,P,397.4,1.0,['R'],B,397.42499999999995
SPY,2023-01-17 09:01:00.643172+00:00,K,397.45,3.0,P,397.4,4.0,['R'],B,397.42499999999995
SPY,2023-01-17 09:01:00.643367+00:00,K,397.45,3.0,P,397.41,3.0,['R'],B,397.43
SPY,2023-01-17 09:01:00.645417+00:00,K,397.45,3.0,T,397.41,3.0,['R'],B,397.43
SPY,2023-01-17 09:01:00.645683+00:00,T,397.45,3.0,T,397.41,3.0,['R'],B,397.43
SPY,2023-01-17 09:01:00.645723+00:00,T,397.46,6.0,P,397.41,3.0,['R'],B,397.435
SPY,2023-01-17 09:01:00.645743+00:00,K,397.46,5.0,P,397.41,3.0,['R'],B,397.435
SPY,2023-01-17 09:01:00.645778+00:00,P,397.46,3.0,P,397.41,3.0,['R'],B,397.435
SPY,2023-01-17 09:01:00.655446+00:00,K,397.46,2.0,T,397.41,3.0,['R'],B,397.435
SPY,2023-01-17 09:01:00.655691+00:00,P,397.47,16.0,T,397.41,3.0,['R'],B,397.44000000000005
SPY,2023-01-17 09:01:00.656128+00:00,P,397.47,16.0,P,397.41,3.0,['R'],B,397.44000000000005
SPY,2023-01-17 09:01:00.728880+00:00,P,397.47,11.0,T,397.41,3.0,['R'],B,397.44000000000005
SPY,2023-01-17 09:01:00.728885+00:00,K,397.47,5.0,T,397.41,3.0,['R'],B,397.44000000000005
SPY,2023-01-17 09:01:00.728900+00:00,K,397.47,5.0,P,397.41,4.0,['R'],B,397.44000000000005
SPY,2023-01-17 09:01:00.729131+00:00,P,397.48,13.0,P,397.41,4.0,['R'],B,397.44500000000005
SPY,2023-01-17 09:01:00.730199+00:00,K,397.48,5.0,T,397.41,4.0,['R'],B,397.44500000000005
SPY,2023-01-17 09:01:00.730199+00:00,P,397.48,8.0,T,397.41,4.0,['R'],B,397.44500000000005
SPY,2023-01-17 09:01:00.730204+00:00,K,397.48,5.0,P,397.42,3.0,['R'],B,397.45000000000005
SPY,2023-01-17 09:01:00.730434+00:00,P,397.49,13.0,P,397.42,3.0,['R'],B,397.45500000000004
SPY,2023-01-17 09:01:00.734874+00:00,K,397.49,5.0,T,397.42,3.0,['R'],B,397.45500000000004
SPY,2023-01-17 09:01:00.734874+00:00,P,397.49,8.0,T,397.42,3.0,['R'],B,397.45500000000004
SPY,2023-01-17 09:01:00.734899+00:00,P,397.5,16.0,T,397.42,3.0,['R'],B,397.46000000000004
SPY,2023-01-17 09:01:00.740909+00:00,P,397.5,16.0,P,397.42,8.0,['R'],B,397.46000000000004
SPY,2023-01-17 09:01:01.004671+00:00,P,397.5,21.0,P,397.42,8.0,['R'],B,397.46000000000004
SPY,2023-01-17 09:01:01.937193+00:00,P,397.49,3.0,P,397.42,8.0,['R'],B,397.45500000000004
SPY,2023-01-17 09:01:01.964287+00:00,T,397.49,3.0,P,397.43,3.0,['R'],B,397.46000000000004
SPY,2023-01-17 09:01:03.665380+00:00,P,397.49,8.0,K,397.43,3.0,['R'],B,397.46000000000004
SPY,2023-01-17 09:01:03.665390+00:00,P,397.48,8.0,K,397.43,3.0,['R'],B,397.45500000000004
SPY,2023-01-17 09:01:03.665660+00:00,P,397.48,8.0,P,397.43,3.0,['R'],B,397.45500000000004
SPY,2023-01-17 09:01:03.667746+00:00,P,397.47,3.0,K,397.43,3.0,['R'],B,397.45000000000005
SPY,2023-01-17 09:01:03.667996+00:00,P,397.47,3.0,P,397.43,3.0,['R'],B,397.45000000000005
SPY,2023-01-17 09:01:05.341099+00:00,P,397.47,3.0,K,397.43,3.0,['R'],B,397.45000000000005
SPY,2023-01-17 09:01:05.341329+00:00,P,397.47,3.0,T,397.42,3.0,['R'],B,397.44500000000005
SPY,2023-01-17 09:01:05.364755+00:00,P,397.47,8.0,T,397.42,3.0,['R'],B,397.44500000000005
SPY,2023-01-17 09:01:05.365015+00:00,P,397.47,8.0,P,397.42,3.0,['R'],B,397.44500000000005
SPY,2023-01-17 09:01:05.578683+00:00,K,397.47,5.0,T,397.42,3.0,['R'],B,397.44500000000005
SPY,2023-01-17 09:01:05.578703+00:00,T,397.47,5.0,T,397.42,3.0,['R'],B,397.44500000000005
SPY,2023-01-17 09:01:05.578954+00:00,P,397.47,3.0,P,397.42,3.0,['R'],B,397.44500000000005
SPY,2023-01-17 09:01:05.813326+00:00,P,397.47,8.0,T,397.42,3.0,['R'],B,397.44500000000005
SPY,2023-01-17 09:01:05.813597+00:00,P,397.47,8.0,P,397.42,3.0,['R'],B,397.44500000000005
SPY,2023-01-17 09:01:06.896093+00:00,P,397.46,5.0,T,397.42,3.0,['R'],B,397.44
SPY,2023-01-17 09:01:06.896098+00:00,P,397.46,13.0,T,397.42,3.0,['R'],B,397.44
SPY,2023-01-17 09:01:06.896098+00:00,P,397.46,16.0,T,397.42,3.0,['R'],B,397.44
SPY,2023-01-17 09:01:06.896394+00:00,P,397.46,16.0,P,397.42,3.0,['R'],B,397.44
SPY,2023-01-17 09:01:06.896845+00:00,P,397.46,16.0,K,397.41,3.0,['R'],B,397.435
SPY,2023-01-17 09:01:06.897306+00:00,P,397.45,3.0,K,397.41,3.0,['R'],B,397.43
SPY,2023-01-17 09:01:06.897556+00:00,P,397.45,3.0,T,397.41,3.0,['R'],B,397.43
SPY,2023-01-17 09:01:06.897612+00:00,P,397.45,3.0,K,397.41,3.0,['R'],B,397.43
SPY,2023-01-17 09:01:06.948287+00:00,K,397.45,3.0,P,397.43,1.0,['R'],B,397.44
SPY,2023-01-17 09:01:07.035214+00:00,K,397.45,3.0,K,397.41,3.0,['R'],B,397.43
SPY,2023-01-17 09:01:07.035254+00:00,T,397.45,3.0,T,397.4,3.0,['R'],B,397.42499999999995
SPY,2023-01-17 09:01:07.701694+00:00,K,397.45,3.0,T,397.41,3.0,['R'],B,397.43
SPY,2023-01-17 09:01:07.701849+00:00,P,397.45,3.0,T,397.41,3.0,['R'],B,397.43
SPY,2023-01-17 09:01:07.706155+00:00,T,397.45,3.0,T,397.41,3.0,['R'],B,397.43
SPY,2023-01-17 09:01:07.857214+00:00,P,397.45,3.0,T,397.4,3.0,['R'],B,397.42499999999995
SPY,2023-01-17 09:01:09.130240+00:00,P,397.45,3.0,T,397.41,3.0,['R'],B,397.43
SPY,2023-01-17 09:01:09.130400+00:00,T,397.45,3.0,T,397.41,3.0,['R'],B,397.43
SPY,2023-01-17 09:01:10.673342+00:00,K,397.45,2.0,T,397.41,3.0,['R'],B,397.43
SPY,2023-01-17 09:01:10.673427+00:00,P,397.46,16.0,T,397.41,3.0,['R'],B,397.435
SPY,2023-01-17 09:01:11.901351+00:00,P,397.46,13.0,T,397.41,3.0,['R'],B,397.435
SPY,2023-01-17 09:01:13.548390+00:00,P,397.46,13.0,P,397.43,3.0,['R'],B,397.445
SPY,2023-01-17 09:01:14.203953+00:00,P,397.46,8.0,P,397.43,3.0,['R'],B,397.445
SPY,2023-01-17 09:01:14.203958+00:00,T,397.46,5.0,P,397.43,3.0,['R'],B,397.445
SPY,2023-01-17 09:01:14.204214+00:00,P,397.47,18.0,P,397.43,3.0,['R'],B,397.45000000000005
SPY,2023-01-17 09:01:14.252909+00:00,P,397.47,13.0,P,397.43,3.0,['R'],B,397.45000000000005
SPY,2023-01-17 09:01:14.345544+00:00,P,397.47,13.0,P,397.45,3.0,['R'],B,397.46000000000004
SPY,2023-01-17 09:01:15.792043+00:00,P,397.47,13.0,P,397.46,3.0,['R'],B,397.46500000000003
SPY,2023-01-17 09:01:15.792709+00:00,P,397.47,8.0,P,397.46,3.0,['R'],B,397.46500000000003
SPY,2023-01-17 09:01:15.792719+00:00,K,397.47,5.0,P,397.46,3.0,['R'],B,397.46500000000003
SPY,2023-01-17 09:01:15.792985+00:00,K,397.47,4.0,P,397.46,3.0,['R'],B,397.46500000000003
SPY,2023-01-17 09:01:15.793005+00:00,P,397.48,13.0,P,397.46,3.0,['R'],B,397.47
SPY,2023-01-17 09:01:15.985537+00:00,P,397.48,13.0,P,397.45,3.0,['R'],B,397.46500000000003
SPY,2023-01-17 09:01:16.210006+00:00,P,397.48,13.0,P,397.46,3.0,['R'],B,397.47
SPY,2023-01-17 09:01:19.280650+00:00,P,397.48,8.0,P,397.46,3.0,['R'],B,397.47
SPY,2023-01-17 09:01:19.280655+00:00,T,397.48,5.0,P,397.46,3.0,['R'],B,397.47
SPY,2023-01-17 09:01:19.280940+00:00,K,397.49,4.0,P,397.46,3.0,['R'],B,397.475
SPY,2023-01-17 09:01:19.281121+00:00,P,397.5,18.0,P,397.46,3.0,['R'],B,397.48
SPY,2023-01-17 09:01:19.285476+00:00,P,397.5,13.0,P,397.46,3.0,['R'],B,397.48
SPY,2023-01-17 09:01:19.818262+00:00,P,397.49,3.0,P,397.46,3.0,['R'],B,397.475
SPY,2023-01-17 09:01:19.855020+00:00,K,397.49,3.0,P,397.46,3.0,['R'],B,397.475
SPY,2023-01-17 09:01:19.855265+00:00,P,397.5,21.0,P,397.46,3.0,['R'],B,397.48
SPY,2023-01-17 09:01:20.237920+00:00,P,397.49,3.0,P,397.46,3.0,['R'],B,397.475
SPY,2023-01-17 09:01:21.608768+00:00,T,397.49,3.0,P,397.46,3.0,['R'],B,397.475
SPY,2023-01-17 09:01:21.609084+00:00,P,397.5,21.0,P,397.46,3.0,['R'],B,397.48
SPY,2023-01-17 09:01:21.613289+00:00,P,397.5,16.0,P,397.46,3.0,['R'],B,397.48
SPY,2023-01-17 09:01:21.909287+00:00,P,397.49,3.0,P,397.46,3.0,['R'],B,397.475
SPY,2023-01-17 09:01:21.909513+00:00,P,397.47,5.0,P,397.46,3.0,['R'],B,397.46500000000003
SPY,2023-01-17 09:01:21.909518+00:00,P,397.47,13.0,P,397.46,3.0,['R'],B,397.46500000000003
SPY,2023-01-17 09:01:21.916840+00:00,K,397.47,5.0,P,397.46,3.0,['R'],B,397.46500000000003
SPY,2023-01-17 09:01:21.917111+00:00,T,397.47,5.0,P,397.46,3.0,['R'],B,397.46500000000003
SPY,2023-01-17 09:01:21.917176+00:00,P,397.49,3.0,P,397.46,3.0,['R'],B,397.475
SPY,2023-01-17 09:01:21.921742+00:00,K,397.49,3.0,P,397.46,3.0,['R'],B,397.475
SPY,2023-01-17 09:01:21.921982+00:00,P,397.5,16.0,P,397.46,3.0,['R'],B,397.48
SPY,2023-01-17 09:01:22.000830+00:00,P,397.49,3.0,P,397.46,3.0,['R'],B,397.475
SPY,2023-01-17 09:01:22.959794+00:00,K,397.49,3.0,P,397.46,3.0,['R'],B,397.475
SPY,2023-01-17 09:01:22.960029+00:00,P,397.5,21.0,P,397.46,3.0,['R'],B,397.48
SPY,2023-01-17 09:01:22.961137+00:00,P,397.49,3.0,P,397.46,3.0,['R'],B,397.475
SPY,2023-01-17 09:01:23.272432+00:00,K,397.49,3.0,P,397.46,3.0,['R'],B,397.475
SPY,2023-01-17 09:01:23.272683+00:00,T,397.49,3.0,P,397.46,3.0,['R'],B,397.475
SPY,2023-01-17 09:01:23.272743+00:00,P,397.5,21.0,P,397.46,3.0,['R'],B,397.48
SPY,2023-01-17 09:01:23.277264+00:00,P,397.5,16.0,P,397.46,3.0,['R'],B,397.48
SPY,2023-01-17 09:01:23.534641+00:00,P,397.49,3.0,P,397.46,3.0,['R'],B,397.475
SPY,2023-01-17 09:01:23.534877+00:00,P,397.47,5.0,P,397.46,3.0,['R'],B,397.46500000000003
SPY,2023-01-17 09:01:23.534887+00:00,P,397.47,13.0,P,397.46,3.0,['R'],B,397.46500000000003
SPY,2023-01-17 09:01:23.547476+00:00,P,397.47,8.0,P,397.46,3.0,['R'],B,397.46500000000003
SPY,2023-01-17 09:01:23.547547+00:00,K,397.47,5.0,P,397.46,3.0,['R'],B,397.46500000000003
SPY,2023-01-17 09:01:23.547742+00:00,T,397.47,5.0,P,397.46,3.0,['R'],B,397.46500000000003
SPY,2023-01-17 09:01:23.547812+00:00,P,397.49,3.0,P,397.46,3.0,['R'],B,397.475
SPY,2023-01-17 09:01:26.808377+00:00,K,397.49,3.0,P,397.45,3.0,['R'],B,397.47
SPY,2023-01-17 09:01:26.808387+00:00,P,397.49,8.0,P,397.45,3.0,['R'],B,397.47
SPY,2023-01-17 09:01:26.808391+00:00,P,397.49,16.0,P,397.45,3.0,['R'],B,397.47
SPY,2023-01-17 09:01:26.808647+00:00,K,397.48,5.0,P,397.45,3.0,['R'],B,397.46500000000003
SPY,2023-01-17 09:01:26.896601+00:00,K,397.48,5.0,P,397.44,3.0,['R'],B,397.46000000000004
SPY,2023-01-17 09:01:26.910479+00:00,K,397.48,5.0,P,397.45,3.0,['R'],B,397.46500000000003
SPY,2023-01-17 09:01:26.912048+00:00,K,397.48,5.0,P,397.46,3.0,['R'],B,397.47
SPY,2023-01-17 09:01:26.912213+00:00,T,397.48,5.0,P,397.46,3.0,['R'],B,397.47
SPY,2023-01-17 09:01:27.044343+00:00,K,397.49,5.0,P,397.46,3.0,['R'],B,397.475
SPY,2023-01-17 09:01:27.044523+00:00,P,397.5,21.0,P,397.46,3.0,['R'],B,397.48
SPY,2023-01-17 09:01:27.048738+00:00,P,397.5,16.0,P,397.46,3.0,['R'],B,397.48
SPY,2023-01-17 09:01:28.323578+00:00,P,397.47,12.0,P,397.46,3.0,['R'],B,397.46500000000003
SPY,2023-01-17 09:01:28.323578+00:00,P,397.47,7.0,P,397.46,3.0,['R'],B,397.46500000000003
SPY,2023-01-17 09:01:28.323869+00:00,T,397.46,4.0,P,397.46,3.0,['R'],B,397.46
SPY,2023-01-17 09:01:28.328079+00:00,P,397.49,13.0,P,397.46,3.0,['R'],B,397.475
SPY,2023-01-17 09:01:29.953723+00:00,P,397.49,8.0,P,397.46,3.0,['R'],B,397.475
SPY,2023-01-17 09:01:29.953728+00:00,T,397.49,5.0,P,397.46,3.0,['R'],B,397.475
SPY,2023-01-17 09:01:29.953984+00:00,P,397.51,16.0,P,397.46,3.0,['R'],B,397.485
SPY,2023-01-17 09:01:31.564286+00:00,P,397.5,5.0,P,397.46,3.0,['R'],B,397.48
SPY,2023-01-17 09:01:31.564291+00:00,P,397.5,13.0,P,397.46,3.0,['R'],B,397.48
SPY,2023-01-17 09:01:34.826049+00:00,K,397.5,5.0,P,397.46,3.0,['R'],B,397.48
SPY,2023-01-17 09:01:34.826284+00:00,T,397.5,5.0,P,397.46,3.0,['R'],B,397.48
SPY,2023-01-17 09:01:34.826329+00:00,P,397.51,13.0,P,397.46,3.0,['R'],B,397.485
SPY,2023-01-17 09:01:34.826439+00:00,P,397.51,13.0,K,397.47,3.0,['R'],B,397.49
SPY,2023-01-17 09:01:34.835055+00:00,P,397.51,13.0,T,397.46,3.0,['R'],B,397.485
SPY,2023-01-17 09:01:34.835115+00:00,P,397.51,13.0,T,397.44,5.0,['R'],B,397.475
SPY,2023-01-17 09:01:34.835161+00:00,P,397.51,13.0,T,397.44,6.0,['R'],B,397.475
SPY,2023-01-17 09:01:34.835305+00:00,P,397.51,13.0,P,397.44,3.0,['R'],B,397.475
SPY,2023-01-17 09:01:34.835466+00:00,K,397.5,3.0,P,397.44,3.0,['R'],B,397.47
SPY,2023-01-17 09:01:34.835656+00:00,P,397.51,13.0,P,397.44,3.0,['R'],B,397.475
SPY,2023-01-17 09:01:34.835962+00:00,K,397.5,3.0,P,397.44,3.0,['R'],B,397.47
SPY,2023-01-17 09:01:34.840062+00:00,P,397.49,13.0,P,397.44,3.0,['R'],B,397.46500000000003
SPY,2023-01-17 09:01:34.840062+00:00,P,397.49,8.0,P,397.44,3.0,['R'],B,397.46500000000003
SPY,2023-01-17 09:01:34.903382+00:00,P,397.49,16.0,P,397.44,3.0,['R'],B,397.46500000000003
SPY,2023-01-17 09:01:34.903387+00:00,P,397.48,3.0,P,397.44,3.0,['R'],B,397.46000000000004
SPY,2023-01-17 09:01:35.846549+00:00,P,397.46,13.0,P,397.44,3.0,['R'],B,397.45
SPY,2023-01-17 09:01:35.846549+00:00,P,397.46,5.0,P,397.44,3.0,['R'],B,397.45
SPY,2023-01-17 09:01:35.854969+00:00,P,397.46,8.0,P,397.44,3.0,['R'],B,397.45
SPY,2023-01-17 09:01:35.854979+00:00,T,397.46,5.0,P,397.44,3.0,['R'],B,397.45
SPY,2023-01-17 09:01:35.855260+00:00,P,397.48,3.0,P,397.44,3.0,['R'],B,397.46000000000004
SPY,2023-01-17 09:01:38.067885+00:00,P,397.48,8.0,P,397.44,3.0,['R'],B,397.46000000000004
SPY,2023-01-17 09:01:38.067889+00:00,P,397.48,16.0,P,397.44,3.0,['R'],B,397.46000000000004
SPY,2023-01-17 09:01:38.068591+00:00,P,397.48,16.0,T,397.43,3.0,['R'],B,397.45500000000004
SPY,2023-01-17 09:01:38.928940+00:00,P,397.48,11.0,T,397.43,3.0,['R'],B,397.45500000000004
SPY,2023-01-17 09:01:38.928940+00:00,T,397.48,8.0,T,397.43,3.0,['R'],B,397.45500000000004
SPY,2023-01-17 09:01:38.928955+00:00,T,397.48,8.0,P,397.46,3.0,['R'],B,397.47
SPY,2023-01-17 09:01:38.929261+00:00,P,397.49,13.0,P,397.46,3.0,['R'],B,397.475
SPY,2023-01-17 09:01:38.929261+00:00,T,397.48,3.0,P,397.46,3.0,['R'],B,397.47
SPY,2023-01-17 09:01:40.078879+00:00,P,397.49,16.0,P,397.46,3.0,['R'],B,397.475
SPY,2023-01-17 09:01:40.079160+00:00,K,397.48,3.0,P,397.46,3.0,['R'],B,397.47
SPY,2023-01-17 09:01:40.104425+00:00,K,397.48,3.0,P,397.45,3.0,['R'],B,397.46500000000003
SPY,2023-01-17 09:01:40.108249+00:00,K,397.48,3.0,P,397.44,3.0,['R'],B,397.46000000000004
SPY,2023-01-17 09:01:40.108414+00:00,P,397.48,3.0,P,397.44,3.0,['R'],B,397.46000000000004
SPY,2023-01-17 09:01:40.397697+00:00,P,397.48,11.0,P,397.44,3.0,['R'],B,397.46000000000004
SPY,2023-01-17 09:01:40.397702+00:00,P,397.48,16.0,P,397.44,3.0,['R'],B,397.46000000000004
SPY,2023-01-17 09:01:40.397752+00:00,P,397.47,3.0,P,397.44,3.0,['R'],B,397.45500000000004
SPY,2023-01-17 09:01:40.410402+00:00,T,397.47,3.0,P,397.44,3.0,['R'],B,397.45500000000004
SPY,2023-01-17 09:01:40.410713+00:00,P,397.48,16.0,P,397.44,3.0,['R'],B,397.46000000000004
SPY,2023-01-17 09:01:40.522123+00:00,P,397.47,3.0,P,397.44,3.0,['R'],B,397.45500000000004
SPY,2023-01-17 09:01:41.035618+00:00,K,397.47,3.0,T,397.43,3.0,['R'],B,397.45000000000005
SPY,2023-01-17 09:01:41.036616+00:00,K,397.47,3.0,K,397.42,3.0,['R'],B,397.44500000000005
SPY,2023-01-17 09:01:41.051000+00:00,P,397.47,8.0,K,397.42,3.0,['R'],B,397.44500000000005
SPY,2023-01-17 09:01:41.431273+00:00,K,397.47,8.0,K,397.42,3.0,['R'],B,397.44500000000005
SPY,2023-01-17 09:01:41.468998+00:00,P,397.45,8.0,K,397.42,3.0,['R'],B,397.435
SPY,2023-01-17 09:01:41.469018+00:00,P,397.45,13.0,K,397.42,3.0,['R'],B,397.435
SPY,2023-01-17 09:01:41.469228+00:00,P,397.45,13.0,T,397.41,3.0,['R'],B,397.43
SPY,2023-01-17 09:01:41.469314+00:00,P,397.45,13.0,K,397.41,3.0,['R'],B,397.43
SPY,2023-01-17 09:01:42.507110+00:00,K,397.45,5.0,K,397.41,3.0,['R'],B,397.43
SPY,2023-01-17 09:01:42.507135+00:00,T,397.45,5.0,T,397.41,3.0,['R'],B,397.43
SPY,2023-01-17 09:01:42.507360+00:00,P,397.46,16.0,K,397.41,3.0,['R'],B,397.435
SPY,2023-01-17 09:01:42.654786+00:00,P,397.45,3.0,K,397.41,3.0,['R'],B,397.43
SPY,2023-01-17 09:01:42.655051+00:00,P,397.45,3.0,T,397.41,3.0,['R'],B,397.43
SPY,2023-01-17 09:01:42.659813+00:00,P,397.45,8.0,T,397.41,3.0,['R'],B,397.43
SPY,2023-01-17 09:01:42.659817+00:00,P,397.45,16.0,T,397.41,3.0,['R'],B,397.43
SPY,2023-01-17 09:01:42.832974+00:00,P,397.45,16.0,K,397.41,3.0,['R'],B,397.43
SPY,2023-01-17 09:01:43.755468+00:00,P,397.44,3.0,K,397.41,3.0,['R'],B,397.425
SPY,2023-01-17 09:01:43.755718+00:00,P,397.44,3.0,T,397.41,3.0,['R'],B,397.425
SPY,2023-01-17 09:01:43.755759+00:00,P,397.44,3.0,K,397.41,3.0,['R'],B,397.425
SPY,2023-01-17 09:01:43.756610+00:00,P,397.44,3.0,T,397.41,3.0,['R'],B,397.425
SPY,2023-01-17 09:01:43.756615+00:00,P,397.44,3.0,T,397.4,3.0,['R'],B,397.41999999999996
SPY,2023-01-17 09:01:43.810784+00:00,P,397.44,3.0,T,397.41,3.0,['R'],B,397.425
SPY,2023-01-17 09:01:44.161673+00:00,K,397.44,3.0,T,397.41,3.0,['R'],B,397.425
SPY,2023-01-17 09:01:44.161899+00:00,T,397.44,3.0,T,397.41,3.0,['R'],B,397.425
SPY,2023-01-17 09:01:44.161964+00:00,P,397.44,3.0,T,397.39,3.0,['R'],B,397.41499999999996
SPY,2023-01-17 09:01:44.161969+00:00,P,397.44,3.0,P,397.37,4.0,['R'],B,397.405
SPY,2023-01-17 09:01:44.645327+00:00,P,397.43,8.0,P,397.37,4.0,['R'],B,397.4
SPY,2023-01-17 09:01:44.645332+00:00,P,397.43,13.0,P,397.37,4.0,['R'],B,397.4
SPY,2023-01-17 09:01:44.645427+00:00,P,397.43,13.0,K,397.37,3.0,['R'],B,397.4
SPY,2023-01-17 09:01:44.645603+00:00,P,397.43,13.0,P,397.37,3.0,['R'],B,397.4
SPY,2023-01-17 09:01:44.646094+00:00,P,397.42,3.0,K,397.37,3.0,['R'],B,397.395
SPY,2023-01-17 09:01:44.646350+00:00,P,397.42,3.0,P,397.37,3.0,['R'],B,397.395
SPY,2023-01-17 09:01:45.331819+00:00,K,397.42,3.0,K,397.37,3.0,['R'],B,397.395
SPY,2023-01-17 09:01:45.690145+00:00,P,397.43,13.0,K,397.37,3.0,['R'],B,397.4
SPY,2023-01-17 09:01:45.690145+00:00,P,397.43,16.0,P,397.37,3.0,['R'],B,397.4
SPY,2023-01-17 09:01:45.690151+00:00,T,397.43,8.0,K,397.37,3.0,['R'],B,397.4
SPY,2023-01-17 09:01:45.690356+00:00,T,397.43,8.0,P,397.37,4.0,['R'],B,397.4
SPY,2023-01-17 09:01:45.690411+00:00,K,397.43,5.0,P,397.37,4.0,['R'],B,397.4
SPY,2023-01-17 09:01:45.690416+00:00,T,397.43,5.0,P,397.37,4.0,['R'],B,397.4
SPY,2023-01-17 09:01:45.690452+00:00,P,397.44,16.0,P,397.37,4.0,['R'],B,397.405
SPY,2023-01-17 09:01:45.690452+00:00,P,397.44,16.0,T,397.4,3.0,['R'],B,397.41999999999996
SPY,2023-01-17 09:01:45.701106+00:00,P,397.44,13.0,T,397.4,3.0,['R'],B,397.41999999999996
SPY,2023-01-17 09:01:45.701197+00:00,P,397.44,13.0,T,397.41,3.0,['R'],B,397.425
SPY,2023-01-17 09:01:45.753842+00:00,P,397.44,8.0,T,397.41,3.0,['R'],B,397.425
SPY,2023-01-17 09:01:45.753847+00:00,K,397.44,5.0,T,397.41,3.0,['R'],B,397.425
SPY,2023-01-17 09:01:45.754097+00:00,P,397.45,13.0,T,397.41,3.0,['R'],B,397.43
SPY,2023-01-17 09:01:45.758658+00:00,P,397.45,8.0,T,397.41,3.0,['R'],B,397.43
SPY,2023-01-17 09:01:45.758663+00:00,K,397.45,5.0,T,397.41,3.0,['R'],B,397.43
SPY,2023-01-17 09:01:45.758688+00:00,P,397.46,13.0,T,397.41,3.0,['R'],B,397.435
SPY,2023-01-17 09:01:45.854732+00:00,P,397.46,14.0,T,397.41,3.0,['R'],B,397.435
SPY,2023-01-17 09:01:45.854832+00:00,P,397.46,13.0,T,397.41,3.0,['R'],B,397.435
SPY,2023-01-17 09:01:45.854842+00:00,P,397.45,5.0,T,397.41,3.0,['R'],B,397.43
SPY,2023-01-17 09:01:45.854847+00:00,P,397.45,13.0,T,397.41,3.0,['R'],B,397.43
SPY,2023-01-17 09:01:45.854892+00:00,P,397.44,13.0,T,397.41,3.0,['R'],B,397.425
SPY,2023-01-17 09:01:45.854892+00:00,P,397.44,8.0,T,397.41,3.0,['R'],B,397.425
SPY,2023-01-17 09:01:45.854907+00:00,P,397.44,16.0,T,397.41,3.0,['R'],B,397.425
SPY,2023-01-17 09:01:45.855032+00:00,P,397.44,16.0,T,397.4,3.0,['R'],B,397.41999999999996
SPY,2023-01-17 09:01:45.855037+00:00,P,397.44,16.0,P,397.38,3.0,['R'],B,397.40999999999997
SPY,2023-01-17 09:01:45.927971+00:00,P,397.44,11.0,P,397.38,3.0,['R'],B,397.40999999999997
SPY,2023-01-17 09:01:45.927971+00:00,T,397.44,5.0,P,397.38,3.0,['R'],B,397.40999999999997
SPY,2023-01-17 09:01:45.928281+00:00,P,397.44,3.0,P,397.38,3.0,['R'],B,397.40999999999997
SPY,2023-01-17 09:01:46.055263+00:00,K,397.43,5.0,P,397.38,3.0,['R'],B,397.405
SPY,2023-01-17 09:01:46.055398+00:00,P,397.43,13.0,P,397.38,3.0,['R'],B,397.405
SPY,2023-01-17 09:01:46.133484+00:00,P,397.42,3.0,P,397.38,3.0,['R'],B,397.4
SPY,2023-01-17 09:01:46.133484+00:00,P,397.43,16.0,P,397.38,3.0,['R'],B,397.405
SPY,2023-01-17 09:01:46.289240+00:00,K,397.42,3.0,P,397.38,3.0,['R'],B,397.4
SPY,2023-01-17 09:01:46.289475+00:00,T,397.42,3.0,P,397.38,3.0,['R'],B,397.4
SPY,2023-01-17 09:01:46.289545+00:00,P,397.43,16.0,P,397.38,3.0,['R'],B,397.405
SPY,2023-01-17 09:01:46.408207+00:00,P,397.42,3.0,P,397.38,3.0,['R'],B,397.4
SPY,2023-01-17 09:01:46.418888+00:00,K,397.42,3.0,P,397.38,3.0,['R'],B,397.4
SPY,2023-01-17 09:01:46.419123+00:00,T,397.42,3.0,P,397.38,3.0,['R'],B,397.4
SPY,2023-01-17 09:01:46.419198+00:00,P,397.43,16.0,P,397.38,3.0,['R'],B,397.405
SPY,2023-01-17 09:01:46.430656+00:00,K,397.43,8.0,P,397.38,3.0,['R'],B,397.405
SPY,2023-01-17 09:01:46.430656+00:00,P,397.43,13.0,P,397.38,3.0,['R'],B,397.405
SPY,2023-01-17 09:01:46.430891+00:00,T,397.43,8.0,P,397.38,3.0,['R'],B,397.405
SPY,2023-01-17 09:01:46.430961+00:00,T,397.43,3.0,P,397.38,3.0,['R'],B,397.405
SPY,2023-01-17 09:01:46.430977+00:00,P,397.44,16.0,P,397.38,3.0,['R'],B,397.40999999999997
SPY,2023-01-17 09:01:46.430977+00:00,P,397.44,16.0,T,397.4,3.0,['R'],B,397.41999999999996
SPY,2023-01-17 09:01:46.446589+00:00,P,397.44,16.0,T,397.41,3.0,['R'],B,397.425
SPY,2023-01-17 09:01:46.941540+00:00,P,397.44,16.0,T,397.4,3.0,['R'],B,397.41999999999996
SPY,2023-01-17 09:01:46.941846+00:00,P,397.44,16.0,T,397.41,3.0,['R'],B,397.425
SPY,2023-01-17 09:01:48.425497+00:00,P,397.44,13.0,T,397.41,3.0,['R'],B,397.425
SPY,2023-01-17 09:01:48.982105+00:00,P,397.44,13.0,T,397.4,3.0,['R'],B,397.41999999999996
SPY,2023-01-17 09:01:49.317251+00:00,P,397.44,13.0,T,397.41,3.0,['R'],B,397.425
SPY,2023-01-17 09:01:49.570488+00:00,P,397.44,13.0,T,397.4,3.0,['R'],B,397.41999999999996
SPY,2023-01-17 09:01:49.964054+00:00,P,397.44,13.0,T,397.41,3.0,['R'],B,397.425
SPY,2023-01-17 09:01:49.965677+00:00,P,397.44,13.0,T,397.4,3.0,['R'],B,397.41999999999996
SPY,2023-01-17 09:01:50.035884+00:00,P,397.44,13.0,T,397.41,3.0,['R'],B,397.425
SPY,2023-01-17 09:01:50.102533+00:00,P,397.44,16.0,T,397.41,3.0,['R'],B,397.425
SPY,2023-01-17 09:01:50.102553+00:00,P,397.43,3.0,T,397.41,3.0,['R'],B,397.42
SPY,2023-01-17 09:01:50.102843+00:00,P,397.43,3.0,T,397.4,3.0,['R'],B,397.41499999999996
SPY,2023-01-17 09:01:50.103009+00:00,P,397.43,3.0,T,397.39,3.0,['R'],B,397.40999999999997
SPY,2023-01-17 09:01:51.490171+00:00,K,397.43,3.0,T,397.39,3.0,['R'],B,397.40999999999997
SPY,2023-01-17 09:01:51.490412+00:00,P,397.44,13.0,T,397.39,3.0,['R'],B,397.41499999999996
SPY,2023-01-17 09:01:51.490472+00:00,P,397.44,13.0,T,397.4,3.0,['R'],B,397.41999999999996
SPY,2023-01-17 09:01:51.490477+00:00,P,397.44,13.0,T,397.41,3.0,['R'],B,397.425
SPY,2023-01-17 09:01:51.688673+00:00,P,397.44,8.0,T,397.41,3.0,['R'],B,397.425
SPY,2023-01-17 09:01:51.688688+00:00,P,397.45,16.0,T,397.41,3.0,['R'],B,397.43
SPY,2023-01-17 09:01:51.848422+00:00,P,397.45,13.0,T,397.41,3.0,['R'],B,397.43
SPY,2023-01-17 09:01:51.849029+00:00,P,397.45,8.0,T,397.41,3.0,['R'],B,397.43
SPY,2023-01-17 09:01:51.849034+00:00,T,397.45,5.0,T,397.41,3.0,['R'],B,397.43
SPY,2023-01-17 09:01:51.849340+00:00,P,397.46,13.0,T,397.41,3.0,['R'],B,397.435
SPY,2023-01-17 09:01:52.135199+00:00,P,397.45,3.0,T,397.41,3.0,['R'],B,397.43
SPY,2023-01-17 09:01:52.170383+00:00,P,397.45,16.0,T,397.41,3.0,['R'],B,397.43
SPY,2023-01-17 09:01:52.170383+00:00,P,397.45,8.0,T,397.41,3.0,['R'],B,397.43
SPY,2023-01-17 09:01:53.070502+00:00,P,397.44,3.0,T,397.41,3.0,['R'],B,397.425
SPY,2023-01-17 09:01:53.576525+00:00,P,397.44,3.0,T,397.4,3.0,['R'],B,397.41999999999996
SPY,2023-01-17 09:01:53.576716+00:00,P,397.44,3.0,P,397.39,3.0,['R'],B,397.41499999999996
SPY,2023-01-17 09:01:53.857092+00:00,P,397.44,3.0,T,397.41,3.0,['R'],B,397.425
SPY,2023-01-17 09:01:53.857092+00:00,P,397.44,3.0,T,397.4,3.0,['R'],B,397.41999999999996
SPY,2023-01-17 09:01:55.771015+00:00,K,397.44,3.0,T,397.41,3.0,['R'],B,397.425
SPY,2023-01-17 09:01:55.771251+00:00,P,397.45,16.0,T,397.41,3.0,['R'],B,397.43
SPY,2023-01-17 09:01:55.775416+00:00,T,397.45,8.0,T,397.41,3.0,['R'],B,397.43
SPY,2023-01-17 09:01:55.775687+00:00,P,397.45,3.0,T,397.41,3.0,['R'],B,397.43
SPY,2023-01-17 09:01:55.842496+00:00,K,397.45,3.0,T,397.41,3.0,['R'],B,397.43
SPY,2023-01-17 09:01:55.842731+00:00,P,397.46,16.0,T,397.41,3.0,['R'],B,397.435
SPY,2023-01-17 09:01:55.887412+00:00,P,397.45,3.0,T,397.41,3.0,['R'],B,397.43
SPY,2023-01-17 09:01:57.542787+00:00,K,397.45,3.0,T,397.41,3.0,['R'],B,397.43
SPY,2023-01-17 09:01:57.543033+00:00,P,397.46,16.0,T,397.41,3.0,['R'],B,397.435
SPY,2023-01-17 09:01:58.175951+00:00,P,397.45,3.0,T,397.41,3.0,['R'],B,397.43
SPY,2023-01-17 09:01:58.177570+00:00,P,397.45,8.0,T,397.41,3.0,['R'],B,397.43
SPY,2023-01-17 09:01:58.177580+00:00,P,397.45,16.0,T,397.41,3.0,['R'],B,397.43
SPY,2023-01-17 09:01:58.243121+00:00,P,397.44,3.0,T,397.41,3.0,['R'],B,397.425
SPY,2023-01-17 09:01:58.847262+00:00,K,397.44,3.0,T,397.41,3.0,['R'],B,397.425
SPY,2023-01-17 09:01:58.847503+00:00,P,397.45,16.0,T,397.41,3.0,['R'],B,397.43
SPY,2023-01-17 09:01:59.706851+00:00,P,397.44,3.0,T,397.41,3.0,['R'],B,397.425
SPY,2023-01-17 09:01:59.915782+00:00,P,397.44,3.0,P,397.39,3.0,['R'],B,397.41499999999996
SPY,2023-01-17 09:01:59.915782+00:00,P,397.44,3.0,T,397.4,3.0,['R'],B,397.41999999999996
SPY,2023-01-17 09:01:59.974838+00:00,K,397.44,3.0,T,397.39,3.0,['R'],B,397.41499999999996
SPY,2023-01-17 09:01:59.975083+00:00,T,397.44,3.0,T,397.39,3.0,['R'],B,397.41499999999996
SPY,2023-01-17 09:01:59.975148+00:00,P,397.45,13.0,P,397.39,3.0,['R'],B,397.41999999999996
SPY,2023-01-17 09:01:59.975153+00:00,K,397.45,8.0,T,397.39,3.0,['R'],B,397.41999999999996
SPY,2023-01-17 09:01:59.975163+00:00,K,397.45,8.0,P,397.39,4.0,['R'],B,397.41999999999996
SPY,2023-01-17 09:01:59.975189+00:00,T,397.45,5.0,P,397.39,4.0,['R'],B,397.41999999999996
SPY,2023-01-17 09:01:59.975224+00:00,K,397.45,5.0,T,397.4,3.0,['R'],B,397.42499999999995
SPY,2023-01-17 09:01:59.975229+00:00,K,397.45,5.0,T,397.41,3.0,['R'],B,397.43
SPY,2023-01-17 09:01:59.975394+00:00,T,397.45,5.0,T,397.41,3.0,['R'],B,397.43
SPY,2023-01-17 09:01:59.975449+00:00,P,397.46,16.0,T,397.41,3.0,['R'],B,397.435
SPY,2023-01-17 09:01:59.986485+00:00,P,397.45,3.0,T,397.41,3.0,['R'],B,397.43
SPY,2023-01-17 09:02:00.006212+00:00,K,397.45,3.0,T,397.41,3.0,['R'],B,397.43
SPY,2023-01-17 09:02:00.006312+00:00,P,397.45,11.0,T,397.41,3.0,['R'],B,397.43
SPY,2023-01-17 09:02:00.006318+00:00,P,397.45,16.0,T,397.41,3.0,['R'],B,397.43
SPY,2023-01-17 09:02:00.604464+00:00,P,397.44,3.0,T,397.41,3.0,['R'],B,397.425
SPY,2023-01-17 09:02:00.605922+00:00,P,397.42,5.0,T,397.41,3.0,['R'],B,397.415
SPY,2023-01-17 09:02:00.605932+00:00,P,397.42,13.0,T,397.41,3.0,['R'],B,397.415
SPY,2023-01-17 09:02:00.606063+00:00,P,397.42,13.0,P,397.39,3.0,['R'],B,397.405
SPY,2023-01-17 09:02:00.606093+00:00,P,397.41,13.0,T,397.39,3.0,['R'],B,397.4
SPY,2023-01-17 09:02:00.606233+00:00,P,397.41,13.0,P,397.39,3.0,['R'],B,397.4
SPY,2023-01-17 09:02:00.610147+00:00,K,397.41,5.0,T,397.39,3.0,['R'],B,397.4
SPY,2023-01-17 09:02:00.610172+00:00,T,397.41,5.0,T,397.39,3.0,['R'],B,397.4
SPY,2023-01-17 09:02:00.610418+00:00,T,397.43,3.0,P,397.39,3.0,['R'],B,397.40999999999997
SPY,2023-01-17 09:02:00.610448+00:00,P,397.44,16.0,P,397.39,3.0,['R'],B,397.41499999999996
SPY,2023-01-17 09:02:01.350963+00:00,P,397.44,16.0,T,397.41,3.0,['R'],B,397.425
SPY,2023-01-17 09:02:01.350963+00:00,P,397.44,16.0,T,397.4,3.0,['R'],B,397.41999999999996
SPY,2023-01-17 09:02:01.351269+00:00,P,397.44,16.0,T,397.4,3.0,['R'],B,397.41999999999996
SPY,2023-01-17 09:02:01.462393+00:00,P,397.44,16.0,T,397.41,3.0,['R'],B,397.425
SPY,2023-01-17 09:02:01.778083+00:00,P,397.44,16.0,T,397.4,3.0,['R'],B,397.41999999999996
SPY,2023-01-17 09:02:01.780775+00:00,P,397.43,3.0,T,397.4,3.0,['R'],B,397.41499999999996
SPY,2023-01-17 09:02:02.181327+00:00,K,397.43,3.0,T,397.4,3.0,['R'],B,397.41499999999996
SPY,2023-01-17 09:02:02.181573+00:00,P,397.44,16.0,T,397.4,3.0,['R'],B,397.41999999999996
SPY,2023-01-17 09:02:02.182600+00:00,P,397.44,16.0,T,397.41,3.0,['R'],B,397.425
SPY,2023-01-17 09:02:03.078310+00:00,P,397.44,13.0,T,397.41,3.0,['R'],B,397.425
SPY,2023-01-17 09:02:03.089496+00:00,K,397.44,8.0,T,397.41,3.0,['R'],B,397.425
SPY,2023-01-17 09:02:03.089757+00:00,T,397.45,8.0,T,397.41,3.0,['R'],B,397.43
SPY,2023-01-17 09:02:03.089787+00:00,K,397.45,3.0,T,397.41,3.0,['R'],B,397.43
SPY,2023-01-17 09:02:03.089837+00:00,P,397.46,13.0,T,397.41,3.0,['R'],B,397.435
SPY,2023-01-17 09:02:03.280956+00:00,P,397.45,8.0,T,397.41,3.0,['R'],B,397.43
SPY,2023-01-17 09:02:03.280961+00:00,P,397.45,13.0,T,397.41,3.0,['R'],B,397.43
SPY,2023-01-17 09:02:03.854218+00:00,P,397.44,3.0,T,397.41,3.0,['R'],B,397.425
SPY,2023-01-17 09:02:03.854218+00:00,P,397.45,16.0,T,397.41,3.0,['R'],B,397.43
SPY,2023-01-17 09:02:04.237534+00:00,K,397.44,3.0,T,397.41,3.0,['R'],B,397.425
SPY,2023-01-17 09:02:04.237810+00:00,T,397.44,3.0,T,397.41,3.0,['R'],B,397.425
SPY,2023-01-17 09:02:04.237850+00:00,K,397.45,5.0,T,397.41,3.0,['R'],B,397.43
SPY,2023-01-17 09:02:04.237865+00:00,T,397.45,5.0,T,397.41,3.0,['R'],B,397.43
SPY,2023-01-17 09:02:04.237915+00:00,P,397.46,13.0,T,397.41,3.0,['R'],B,397.435
SPY,2023-01-17 09:02:04.238537+00:00,P,397.46,8.0,T,397.41,3.0,['R'],B,397.435
SPY,2023-01-17 09:02:04.238542+00:00,K,397.46,5.0,T,397.41,3.0,['R'],B,397.435
SPY,2023-01-17 09:02:04.238777+00:00,T,397.47,5.0,T,397.41,3.0,['R'],B,397.44000000000005
SPY,2023-01-17 09:02:04.238847+00:00,T,397.47,5.0,P,397.41,8.0,['R'],B,397.44000000000005
SPY,2023-01-17 09:02:04.238852+00:00,P,397.49,13.0,P,397.41,13.0,['R'],B,397.45000000000005
SPY,2023-01-17 09:02:04.238852+00:00,P,397.49,13.0,P,397.41,8.0,['R'],B,397.45000000000005
SPY,2023-01-17 09:02:04.238953+00:00,P,397.49,13.0,P,397.41,14.0,['R'],B,397.45000000000005
SPY,2023-01-17 09:02:04.239048+00:00,P,397.49,13.0,T,397.42,3.0,['R'],B,397.45500000000004
SPY,2023-01-17 09:02:04.253738+00:00,P,397.49,13.0,P,397.42,5.0,['R'],B,397.45500000000004
SPY,2023-01-17 09:02:04.303140+00:00,P,397.48,3.0,K,397.42,5.0,['R'],B,397.45000000000005
SPY,2023-01-17 09:02:04.303411+00:00,P,397.48,3.0,P,397.42,5.0,['R'],B,397.45000000000005
SPY,2023-01-17 09:02:04.539437+00:00,K,397.48,3.0,P,397.43,3.0,['R'],B,397.45500000000004
SPY,2023-01-17 09:02:04.539833+00:00,P,397.49,16.0,P,397.43,3.0,['R'],B,397.46000000000004
SPY,2023-01-17 09:02:04.551040+00:00,P,397.49,16.0,P,397.44,5.0,['R'],B,397.46500000000003
SPY,2023-01-17 09:02:04.599595+00:00,P,397.49,16.0,T,397.43,5.0,['R'],B,397.46000000000004
SPY,2023-01-17 09:02:04.599876+00:00,P,397.49,16.0,P,397.43,3.0,['R'],B,397.46000000000004
SPY,2023-01-17 09:02:04.637575+00:00,P,397.49,16.0,P,397.44,5.0,['R'],B,397.46500000000003
SPY,2023-01-17 09:02:04.863337+00:00,P,397.49,16.0,K,397.44,5.0,['R'],B,397.46500000000003
SPY,2023-01-17 09:02:04.863362+00:00,P,397.49,16.0,T,397.43,5.0,['R'],B,397.46000000000004
SPY,2023-01-17 09:02:04.877952+00:00,P,397.49,16.0,P,397.43,3.0,['R'],B,397.46000000000004
SPY,2023-01-17 09:02:05.111853+00:00,P,397.49,16.0,P,397.43,8.0,['R'],B,397.46000000000004
SPY,2023-01-17 09:02:05.146360+00:00,P,397.49,16.0,P,397.44,3.0,['R'],B,397.46500000000003
SPY,2023-01-17 09:02:05.156860+00:00,P,397.49,16.0,P,397.44,8.0,['R'],B,397.46500000000003
SPY,2023-01-17 09:02:05.260215+00:00,P,397.49,13.0,K,397.44,8.0,['R'],B,397.46500000000003
SPY,2023-01-17 09:02:05.260331+00:00,P,397.49,13.0,P,397.45,3.0,['R'],B,397.47
SPY,2023-01-17 09:02:07.911060+00:00,P,397.48,3.0,K,397.45,3.0,['R'],B,397.46500000000003
SPY,2023-01-17 09:02:07.911336+00:00,P,397.48,3.0,T,397.45,3.0,['R'],B,397.46500000000003
SPY,2023-01-17 09:02:08.661980+00:00,K,397.48,3.0,T,397.45,3.0,['R'],B,397.46500000000003
SPY,2023-01-17 09:02:08.662216+00:00,P,397.48,3.0,T,397.45,3.0,['R'],B,397.46500000000003
SPY,2023-01-17 09:02:08.662286+00:00,P,397.48,3.0,P,397.44,3.0,['R'],B,397.46000000000004
SPY,2023-01-17 09:02:09.130840+00:00,K,397.48,3.0,K,397.44,3.0,['R'],B,397.46000000000004
SPY,2023-01-17 09:02:09.131080+00:00,P,397.49,16.0,T,397.44,3.0,['R'],B,397.46500000000003
SPY,2023-01-17 09:02:09.131166+00:00,P,397.49,13.0,T,397.44,3.0,['R'],B,397.46500000000003
SPY,2023-01-17 09:02:09.131411+00:00,K,397.49,8.0,T,397.44,3.0,['R'],B,397.46500000000003
SPY,2023-01-17 09:02:09.131537+00:00,K,397.49,5.0,P,397.44,4.0,['R'],B,397.46500000000003
SPY,2023-01-17 09:02:09.131537+00:00,K,397.49,5.0,T,397.44,3.0,['R'],B,397.46500000000003
SPY,2023-01-17 09:02:09.131672+00:00,T,397.5,8.0,P,397.44,4.0,['R'],B,397.47
SPY,2023-01-17 09:02:09.131712+00:00,P,397.5,3.0,P,397.44,4.0,['R'],B,397.47
SPY,2023-01-17 09:02:09.138643+00:00,P,397.51,13.0,P,397.44,4.0,['R'],B,397.475
SPY,2023-01-17 09:02:09.141796+00:00,P,397.51,13.0,P,397.44,9.0,['R'],B,397.475
SPY,2023-01-17 09:02:09.277223+00:00,K,397.5,3.0,P,397.44,9.0,['R'],B,397.47
SPY,2023-01-17 09:02:09.413637+00:00,K,397.5,3.0,P,397.45,3.0,['R'],B,397.475
SPY,2023-01-17 09:02:09.423195+00:00,K,397.5,3.0,P,397.45,8.0,['R'],B,397.475
SPY,2023-01-17 09:02:09.430287+00:00,K,397.5,3.0,K,397.45,8.0,['R'],B,397.475
SPY,2023-01-17 09:02:09.430297+00:00,K,397.5,3.0,T,397.45,8.0,['R'],B,397.475
SPY,2023-01-17 09:02:09.430557+00:00,K,397.5,3.0,P,397.45,3.0,['R'],B,397.475
SPY,2023-01-17 09:02:09.732675+00:00,K,397.5,3.0,P,397.46,13.0,['R'],B,397.48
SPY,2023-01-17 09:02:09.732675+00:00,K,397.5,3.0,P,397.46,8.0,['R'],B,397.48
SPY,2023-01-17 09:02:09.732911+00:00,P,397.51,13.0,P,397.46,13.0,['R'],B,397.485
SPY,2023-01-17 09:02:09.746318+00:00,P,397.51,13.0,P,397.46,8.0,['R'],B,397.485
SPY,2023-01-17 09:02:09.746343+00:00,P,397.51,13.0,K,397.46,5.0,['R'],B,397.485
SPY,2023-01-17 09:02:09.746578+00:00,P,397.51,13.0,T,397.46,5.0,['R'],B,397.485
SPY,2023-01-17 09:02:09.746633+00:00,P,397.51,13.0,P,397.45,8.0,['R'],B,397.48
SPY,2023-01-17 09:02:10.053027+00:00,P,397.51,13.0,T,397.46,3.0,['R'],B,397.485
SPY,2023-01-17 09:02:10.246025+00:00,P,397.49,5.0,T,397.46,3.0,['R'],B,397.475
SPY,2023-01-17 09:02:10.246030+00:00,P,397.49,13.0,T,397.46,3.0,['R'],B,397.475
SPY,2023-01-17 09:02:10.246401+00:00,P,397.49,8.0,T,397.46,3.0,['R'],B,397.475
SPY,2023-01-17 09:02:10.246406+00:00,K,397.49,5.0,T,397.46,3.0,['R'],B,397.475
SPY,2023-01-17 09:02:10.246657+00:00,T,397.49,5.0,T,397.46,3.0,['R'],B,397.475
SPY,2023-01-17 09:02:10.246707+00:00,K,397.5,3.0,T,397.46,3.0,['R'],B,397.48
SPY,2023-01-17 09:02:10.267166+00:00,P,397.51,13.0,T,397.46,3.0,['R'],B,397.485
SPY,2023-01-17 09:02:11.927046+00:00,K,397.51,5.0,T,397.46,3.0,['R'],B,397.485
SPY,2023-01-17 09:02:11.927297+00:00,T,397.51,3.0,T,397.46,3.0,['R'],B,397.485
SPY,2023-01-17 09:02:11.927352+00:00,K,397.52,8.0,K,397.46,3.0,['R'],B,397.49
SPY,2023-01-17 09:02:11.927367+00:00,K,397.52,5.0,P,397.46,3.0,['R'],B,397.49
SPY,2023-01-17 09:02:11.927557+00:00,T,397.53,5.0,P,397.46,3.0,['R'],B,397.495
SPY,2023-01-17 09:02:11.927608+00:00,P,397.54,13.0,P,397.46,3.0,['R'],B,397.5
SPY,2023-01-17 09:02:11.928941+00:00,P,397.54,13.0,T,397.46,4.0,['R'],B,397.5
SPY,2023-01-17 09:02:12.013276+00:00,P,397.54,13.0,T,397.47,3.0,['R'],B,397.505
SPY,2023-01-17 09:02:12.025295+00:00,P,397.54,13.0,P,397.48,5.0,['R'],B,397.51
SPY,2023-01-17 09:02:12.031555+00:00,P,397.54,13.0,P,397.49,3.0,['R'],B,397.515
SPY,2023-01-17 09:02:12.218875+00:00,P,397.53,3.0,K,397.49,3.0,['R'],B,397.51
SPY,2023-01-17 09:02:12.219120+00:00,P,397.53,3.0,T,397.49,3.0,['R'],B,397.51
SPY,2023-01-17 09:02:12.219181+00:00,P,397.53,3.0,P,397.49,3.0,['R'],B,397.51
SPY,2023-01-17 09:02:12.265460+00:00,P,397.51,13.0,K,397.49,3.0,['R'],B,397.5
SPY,2023-01-17 09:02:12.265460+00:00,P,397.51,8.0,K,397.49,3.0,['R'],B,397.5
SPY,2023-01-17 09:02:12.265726+00:00,P,397.51,13.0,T,397.49,3.0,['R'],B,397.5
SPY,2023-01-17 09:02:12.265796+00:00,P,397.51,13.0,T,397.47,3.0,['R'],B,397.49
SPY,2023-01-17 09:02:12.618540+00:00,K,397.51,5.0,T,397.47,3.0,['R'],B,397.49
SPY,2023-01-17 09:02:12.618796+00:00,T,397.51,5.0,T,397.47,3.0,['R'],B,397.49
SPY,2023-01-17 09:02:12.618846+00:00,P,397.52,16.0,T,397.47,3.0,['R'],B,397.495
SPY,2023-01-17 09:02:12.749877+00:00,P,397.52,16.0,P,397.46,4.0,['R'],B,397.49
SPY,2023-01-17 09:02:13.074294+00:00,P,397.52,16.0,P,397.47,3.0,['R'],B,397.495
SPY,2023-01-17 09:02:13.415855+00:00,P,397.52,11.0,P,397.47,3.0,['R'],B,397.495
SPY,2023-01-17 09:02:13.415855+00:00,P,397.52,3.0,P,397.47,3.0,['R'],B,397.495
SPY,2023-01-17 09:02:13.415900+00:00,P,397.53,16.0,P,397.47,3.0,['R'],B,397.5
SPY,2023-01-17 09:02:13.420476+00:00,K,397.53,8.0,P,397.47,3.0,['R'],B,397.5
SPY,2023-01-17 09:02:13.420516+00:00,T,397.53,5.0,P,397.47,3.0,['R'],B,397.5
SPY,2023-01-17 09:02:13.420741+00:00,P,397.53,3.0,P,397.47,3.0,['R'],B,397.5
SPY,2023-01-17 09:02:13.752955+00:00,K,397.53,3.0,P,397.48,5.0,['R'],B,397.505
SPY,2023-01-17 09:02:13.752996+00:00,P,397.53,3.0,P,397.48,5.0,['R'],B,397.505
SPY,2023-01-17 09:02:13.821058+00:00,P,397.51,13.0,K,397.48,5.0,['R'],B,397.495
SPY,2023-01-17 09:02:13.821058+00:00,P,397.51,5.0,K,397.48,5.0,['R'],B,397.495
SPY,2023-01-17 09:02:13.821318+00:00,P,397.51,13.0,T,397.48,5.0,['R'],B,397.495
SPY,2023-01-17 09:02:13.821369+00:00,P,397.51,13.0,P,397.48,5.0,['R'],B,397.495
SPY,2023-01-17 09:02:13.825393+00:00,P,397.51,13.0,K,397.48,5.0,['R'],B,397.495
SPY,2023-01-17 09:02:13.825403+00:00,P,397.51,13.0,T,397.48,5.0,['R'],B,397.495
SPY,2023-01-17 09:02:13.825663+00:00,P,397.51,13.0,P,397.47,3.0,['R'],B,397.49
SPY,2023-01-17 09:02:13.833692+00:00,P,397.51,8.0,P,397.47,3.0,['R'],B,397.49
SPY,2023-01-17 09:02:13.833698+00:00,K,397.51,5.0,P,397.47,3.0,['R'],B,397.49
SPY,2023-01-17 09:02:13.833893+00:00,T,397.51,5.0,P,397.47,3.0,['R'],B,397.49
SPY,2023-01-17 09:02:13.834048+00:00,P,397.54,13.0,P,397.47,3.0,['R'],B,397.505
SPY,2023-01-17 09:02:15.106618+00:00,P,397.53,8.0,P,397.47,3.0,['R'],B,397.5
SPY,2023-01-17 09:02:15.106622+00:00,P,397.53,13.0,P,397.47,3.0,['R'],B,397.5
SPY,2023-01-17 09:02:16.657960+00:00,P,397.52,3.0,P,397.47,3.0,['R'],B,397.495
SPY,2023-01-17 09:02:17.445747+00:00,K,397.52,3.0,K,397.46,3.0,['R'],B,397.49
SPY,2023-01-17 09:02:17.448409+00:00,P,397.5,8.0,K,397.46,3.0,['R'],B,397.48
SPY,2023-01-17 09:02:17.448419+00:00,P,397.5,13.0,K,397.46,3.0,['R'],B,397.48
SPY,2023-01-17 09:02:17.448669+00:00,P,397.5,13.0,P,397.46,3.0,['R'],B,397.48
SPY,2023-01-17 09:02:17.782308+00:00,P,397.5,13.0,K,397.46,3.0,['R'],B,397.48
SPY,2023-01-17 09:02:17.782538+00:00,P,397.5,13.0,T,397.45,8.0,['R'],B,397.475
SPY,2023-01-17 09:02:17.874006+00:00,P,397.5,13.0,P,397.46,3.0,['R'],B,397.48
SPY,2023-01-17 09:02:17.874527+00:00,P,397.5,8.0,K,397.46,3.0,['R'],B,397.48
SPY,2023-01-17 09:02:17.874532+00:00,K,397.5,5.0,K,397.46,3.0,['R'],B,397.48
SPY,2023-01-17 09:02:17.874792+00:00,T,397.5,5.0,T,397.46,3.0,['R'],B,397.48
SPY,2023-01-17 09:02:17.874827+00:00,P,397.51,16.0,P,397.46,3.0,['R'],B,397.485
SPY,2023-01-17 09:02:18.713691+00:00,P,397.5,3.0,T,397.46,3.0,['R'],B,397.48
SPY,2023-01-17 09:02:18.713952+00:00,P,397.49,8.0,T,397.46,3.0,['R'],B,397.475
SPY,2023-01-17 09:02:18.713957+00:00,P,397.49,13.0,T,397.46,3.0,['R'],B,397.475
SPY,2023-01-17 09:02:18.714258+00:00,P,397.49,13.0,P,397.46,3.0,['R'],B,397.475
SPY,2023-01-17 09:02:18.728692+00:00,P,397.49,8.0,K,397.46,3.0,['R'],B,397.475
SPY,2023-01-17 09:02:18.728697+00:00,K,397.49,5.0,K,397.46,3.0,['R'],B,397.475
SPY,2023-01-17 09:02:18.729950+00:00,P,397.5,3.0,P,397.46,3.0,['R'],B,397.48
SPY,2023-01-17 09:02:19.244628+00:00,P,397.5,11.0,K,397.46,3.0,['R'],B,397.48
SPY,2023-01-17 09:02:19.244628+00:00,P,397.5,16.0,K,397.46,3.0,['R'],B,397.48
SPY,2023-01-17 09:02:19.244733+00:00,P,397.49,3.0,K,397.46,3.0,['R'],B,397.475
SPY,2023-01-17 09:02:19.244884+00:00,P,397.49,3.0,T,397.46,3.0,['R'],B,397.475
SPY,2023-01-17 09:02:19.244944+00:00,P,397.49,3.0,P,397.46,3.0,['R'],B,397.475
SPY,2023-01-17 09:02:20.854910+00:00,K,397.49,3.0,K,397.46,3.0,['R'],B,397.475
SPY,2023-01-17 09:02:20.855141+00:00,T,397.49,3.0,T,397.46,3.0,['R'],B,397.475
SPY,2023-01-17 09:02:20.855221+00:00,P,397.5,3.0,P,397.46,3.0,['R'],B,397.48
SPY,2023-01-17 09:02:21.803525+00:00,K,397.5,3.0,K,397.46,3.0,['R'],B,397.48
SPY,2023-01-17 09:02:21.803771+00:00,P,397.51,16.0,T,397.46,3.0,['R'],B,397.485
SPY,2023-01-17 09:02:21.815850+00:00,P,397.51,13.0,T,397.46,3.0,['R'],B,397.485
SPY,2023-01-17 09:02:21.815865+00:00,P,397.51,8.0,T,397.46,3.0,['R'],B,397.485
SPY,2023-01-17 09:02:21.815875+00:00,K,397.51,5.0,T,397.46,3.0,['R'],B,397.485
SPY,2023-01-17 09:02:21.816110+00:00,T,397.51,3.0,T,397.46,3.0,['R'],B,397.485
SPY,2023-01-17 09:02:21.816421+00:00,T,397.51,3.0,P,397.46,4.0,['R'],B,397.485
SPY,2023-01-17 09:02:21.816717+00:00,T,397.53,3.0,P,397.46,4.0,['R'],B,397.495
SPY,2023-01-17 09:02:21.816737+00:00,P,397.54,13.0,P,397.46,4.0,['R'],B,397.5
SPY,2023-01-17 09:02:21.884428+00:00,P,397.53,3.0,T,397.46,4.0,['R'],B,397.495
SPY,2023-01-17 09:02:21.884739+00:00,P,397.53,3.0,P,397.46,4.0,['R'],B,397.495
SPY,2023-01-17 09:02:21.925902+00:00,P,397.53,8.0,T,397.46,4.0,['R'],B,397.495
SPY,2023-01-17 09:02:21.925906+00:00,P,397.53,16.0,T,397.46,4.0,['R'],B,397.495
SPY,2023-01-17 09:02:21.926217+00:00,P,397.53,16.0,P,397.46,4.0,['R'],B,397.495
SPY,2023-01-17 09:02:22.116775+00:00,P,397.52,3.0,T,397.46,4.0,['R'],B,397.49
SPY,2023-01-17 09:02:22.117081+00:00,P,397.52,3.0,P,397.46,4.0,['R'],B,397.49
SPY,2023-01-17 09:02:22.267102+00:00,K,397.52,3.0,T,397.46,4.0,['R'],B,397.49
SPY,2023-01-17 09:02:22.268666+00:00,K,397.52,3.0,P,397.46,3.0,['R'],B,397.49
SPY,2023-01-17 09:02:22.863124+00:00,P,397.52,8.0,T,397.46,3.0,['R'],B,397.49
SPY,2023-01-17 09:02:22.863374+00:00,P,397.52,8.0,P,397.46,3.0,['R'],B,397.49
SPY,2023-01-17 09:02:24.243159+00:00,K,397.52,8.0,P,397.46,11.0,['R'],B,397.49
SPY,2023-01-17 09:02:24.243164+00:00,K,397.52,8.0,P,397.46,16.0,['R'],B,397.49
SPY,2023-01-17 09:02:24.243400+00:00,T,397.52,8.0,P,397.46,16.0,['R'],B,397.49
SPY,2023-01-17 09:02:24.243465+00:00,P,397.52,8.0,P,397.46,16.0,['R'],B,397.49
SPY,2023-01-17 09:02:24.243490+00:00,K,397.52,8.0,P,397.46,16.0,['R'],B,397.49
SPY,2023-01-17 09:02:24.243650+00:00,T,397.52,8.0,P,397.46,16.0,['R'],B,397.49
SPY,2023-01-17 09:02:24.243750+00:00,P,397.52,3.0,P,397.46,16.0,['R'],B,397.49
SPY,2023-01-17 09:02:24.247359+00:00,K,397.52,3.0,P,397.46,11.0,['R'],B,397.49
SPY,2023-01-17 09:02:24.247364+00:00,K,397.52,3.0,K,397.46,8.0,['R'],B,397.49
SPY,2023-01-17 09:02:24.247569+00:00,T,397.52,3.0,T,397.46,8.0,['R'],B,397.49
SPY,2023-01-17 09:02:24.247675+00:00,P,397.52,3.0,P,397.46,3.0,['R'],B,397.49
SPY,2023-01-17 09:02:24.542340+00:00,P,397.49,5.0,K,397.46,3.0,['R'],B,397.475
SPY,2023-01-17 09:02:24.542345+00:00,P,397.49,13.0,K,397.46,3.0,['R'],B,397.475
SPY,2023-01-17 09:02:24.542536+00:00,P,397.49,5.0,K,397.46,3.0,['R'],B,397.475
SPY,2023-01-17 09:02:24.542541+00:00,P,397.5,3.0,K,397.46,3.0,['R'],B,397.48
SPY,2023-01-17 09:02:24.542591+00:00,P,397.51,16.0,K,397.46,3.0,['R'],B,397.485
SPY,2023-01-17 09:02:24.542636+00:00,K,397.49,5.0,T,397.46,3.0,['R'],B,397.475
SPY,2023-01-17 09:02:24.542646+00:00,K,397.49,5.0,P,397.46,3.0,['R'],B,397.475
SPY,2023-01-17 09:02:24.542781+00:00,T,397.49,5.0,P,397.46,3.0,['R'],B,397.475
SPY,2023-01-17 09:02:24.542851+00:00,K,397.5,3.0,P,397.46,3.0,['R'],B,397.48
SPY,2023-01-17 09:02:24.542886+00:00,P,397.51,16.0,P,397.46,3.0,['R'],B,397.485
SPY,2023-01-17 09:02:25.255425+00:00,P,397.5,3.0,T,397.46,3.0,['R'],B,397.48
SPY,2023-01-17 09:02:25.255485+00:00,P,397.49,8.0,T,397.46,3.0,['R'],B,397.475
SPY,2023-01-17 09:02:25.255490+00:00,P,397.49,13.0,T,397.46,3.0,['R'],B,397.475
SPY,2023-01-17 09:02:25.255796+00:00,P,397.49,13.0,P,397.46,3.0,['R'],B,397.475
SPY,2023-01-17 09:02:27.047449+00:00,P,397.49,16.0,T,397.46,3.0,['R'],B,397.475
SPY,2023-01-17 09:02:27.047755+00:00,P,397.49,16.0,P,397.46,3.0,['R'],B,397.475
SPY,2023-01-17 09:02:29.560196+00:00,P,397.49,13.0,K,397.46,3.0,['R'],B,397.475
SPY,2023-01-17 09:02:29.560286+00:00,P,397.49,13.0,T,397.45,8.0,['R'],B,397.47
SPY,2023-01-17 09:02:29.560447+00:00,P,397.49,13.0,P,397.45,5.0,['R'],B,397.47
SPY,2023-01-17 09:02:29.560748+00:00,P,397.49,13.0,T,397.45,5.0,['R'],B,397.47
SPY,2023-01-17 09:02:29.561018+00:00,P,397.49,13.0,P,397.43,13.0,['R'],B,397.46000000000004
SPY,2023-01-17 09:02:29.596798+00:00,P,397.49,13.0,P,397.43,18.0,['R'],B,397.46000000000004
SPY,2023-01-17 09:02:30.368633+00:00,P,397.49,13.0,P,397.43,19.0,['R'],B,397.46000000000004
SPY,2023-01-17 09:02:33.445180+00:00,P,397.48,3.0,P,397.43,19.0,['R'],B,397.45500000000004
SPY,2023-01-17 09:02:34.084916+00:00,P,397.49,16.0,P,397.43,19.0,['R'],B,397.46000000000004
SPY,2023-01-17 09:02:34.105731+00:00,P,397.49,16.0,P,397.43,22.0,['R'],B,397.46000000000004
SPY,2023-01-17 09:02:34.105741+00:00,P,397.49,16.0,P,397.44,3.0,['R'],B,397.46500000000003
SPY,2023-01-17 09:02:38.027161+00:00,P,397.49,13.0,K,397.44,3.0,['R'],B,397.46500000000003
SPY,2023-01-17 09:02:38.027186+00:00,P,397.49,8.0,K,397.44,3.0,['R'],B,397.46500000000003
SPY,2023-01-17 09:02:38.027191+00:00,T,397.49,5.0,K,397.44,3.0,['R'],B,397.46500000000003
SPY,2023-01-17 09:02:38.027411+00:00,T,397.49,5.0,T,397.44,3.0,['R'],B,397.46500000000003
SPY,2023-01-17 09:02:38.027421+00:00,T,397.49,5.0,P,397.46,8.0,['R'],B,397.475
SPY,2023-01-17 09:02:38.027436+00:00,T,397.49,5.0,P,397.46,13.0,['R'],B,397.475
SPY,2023-01-17 09:02:38.027471+00:00,K,397.5,3.0,P,397.46,13.0,['R'],B,397.48
SPY,2023-01-17 09:02:38.027577+00:00,P,397.51,13.0,P,397.46,13.0,['R'],B,397.485
SPY,2023-01-17 09:02:38.028038+00:00,P,397.51,13.0,K,397.46,5.0,['R'],B,397.485
SPY,2023-01-17 09:02:38.028283+00:00,P,397.51,13.0,T,397.46,5.0,['R'],B,397.485
SPY,2023-01-17 09:02:38.028354+00:00,P,397.51,13.0,K,397.45,3.0,['R'],B,397.48
SPY,2023-01-17 09:02:38.028364+00:00,P,397.51,13.0,T,397.45,3.0,['R'],B,397.48
SPY,2023-01-17 09:02:38.028379+00:00,P,397.51,13.0,P,397.44,4.0,['R'],B,397.475
SPY,2023-01-17 09:02:38.028379+00:00,P,397.51,13.0,T,397.44,6.0,['R'],B,397.475
SPY,2023-01-17 09:02:38.038001+00:00,P,397.51,13.0,P,397.45,5.0,['R'],B,397.48
SPY,2023-01-17 09:02:38.431116+00:00,P,397.5,3.0,K,397.45,5.0,['R'],B,397.475
SPY,2023-01-17 09:02:38.431387+00:00,P,397.5,3.0,T,397.45,5.0,['R'],B,397.475
SPY,2023-01-17 09:02:38.431427+00:00,P,397.5,3.0,P,397.45,5.0,['R'],B,397.475
SPY,2023-01-17 09:02:38.566823+00:00,K,397.5,3.0,P,397.45,8.0,['R'],B,397.475
SPY,2023-01-17 09:02:38.566823+00:00,K,397.5,3.0,P,397.46,3.0,['R'],B,397.48
SPY,2023-01-17 09:02:38.567094+00:00,P,397.5,3.0,P,397.46,3.0,['R'],B,397.48
SPY,2023-01-17 09:02:39.466101+00:00,K,397.5,3.0,K,397.46,3.0,['R'],B,397.48
SPY,2023-01-17 09:02:39.466106+00:00,P,397.49,5.0,K,397.46,3.0,['R'],B,397.475
SPY,2023-01-17 09:02:39.466111+00:00,P,397.49,13.0,K,397.46,3.0,['R'],B,397.475
SPY,2023-01-17 09:02:39.466577+00:00,P,397.49,13.0,P,397.45,8.0,['R'],B,397.47
SPY,2023-01-17 09:02:39.467139+00:00,P,397.49,16.0,T,397.45,8.0,['R'],B,397.47
SPY,2023-01-17 09:02:39.467144+00:00,P,397.48,3.0,T,397.45,8.0,['R'],B,397.46500000000003
SPY,2023-01-17 09:02:39.467454+00:00,P,397.48,3.0,P,397.45,8.0,['R'],B,397.46500000000003
SPY,2023-01-17 09:02:43.254830+00:00,K,397.48,3.0,P,397.46,3.0,['R'],B,397.47
SPY,2023-01-17 09:02:43.255081+00:00,T,397.48,3.0,P,397.46,3.0,['R'],B,397.47
SPY,2023-01-17 09:02:43.693087+00:00,T,397.48,3.0,K,397.46,3.0,['R'],B,397.47
SPY,2023-01-17 09:02:43.693333+00:00,T,397.48,3.0,T,397.45,8.0,['R'],B,397.46500000000003
SPY,2023-01-17 09:02:47.456111+00:00,P,397.49,3.0,P,397.45,8.0,['R'],B,397.47
SPY,2023-01-17 09:02:49.572873+00:00,K,397.49,3.0,P,397.46,3.0,['R'],B,397.475
SPY,2023-01-17 09:02:49.572878+00:00,K,397.49,3.0,P,397.46,3.0,['R'],B,397.475
SPY,2023-01-17 09:02:49.572878+00:00,K,397.49,3.0,P,397.46,6.0,['R'],B,397.475
SPY,2023-01-17 09:02:49.573239+00:00,T,397.49,3.0,P,397.46,3.0,['R'],B,397.475
SPY,2023-01-17 09:02:49.573375+00:00,P,397.49,3.0,P,397.46,3.0,['R'],B,397.475
SPY,2023-01-17 09:02:49.904396+00:00,K,397.49,3.0,K,397.46,3.0,['R'],B,397.475
SPY,2023-01-17 09:02:49.904567+00:00,K,397.49,3.0,P,397.46,11.0,['R'],B,397.475
SPY,2023-01-17 09:02:49.904587+00:00,K,397.49,3.0,P,397.46,16.0,['R'],B,397.475
SPY,2023-01-17 09:02:49.904642+00:00,T,397.49,3.0,P,397.46,16.0,['R'],B,397.475
SPY,2023-01-17 09:02:49.904717+00:00,K,397.5,3.0,P,397.46,16.0,['R'],B,397.48
SPY,2023-01-17 09:02:49.904787+00:00,P,397.51,13.0,P,397.46,16.0,['R'],B,397.485
SPY,2023-01-17 09:02:49.906411+00:00,P,397.51,13.0,P,397.47,3.0,['R'],B,397.49
SPY,2023-01-17 09:02:49.909428+00:00,K,397.51,5.0,K,397.47,3.0,['R'],B,397.49
SPY,2023-01-17 09:02:49.909669+00:00,P,397.52,13.0,T,397.47,3.0,['R'],B,397.495
SPY,2023-01-17 09:02:49.914987+00:00,K,397.52,5.0,T,397.47,3.0,['R'],B,397.495
SPY,2023-01-17 09:02:49.915011+00:00,P,397.53,13.0,T,397.47,3.0,['R'],B,397.5
SPY,2023-01-17 09:02:49.923271+00:00,P,397.53,13.0,P,397.47,3.0,['R'],B,397.5
SPY,2023-01-17 09:02:49.929792+00:00,P,397.52,3.0,K,397.47,3.0,['R'],B,397.495
SPY,2023-01-17 09:02:49.930037+00:00,P,397.52,3.0,T,397.47,3.0,['R'],B,397.495
SPY,2023-01-17 09:02:50.005356+00:00,T,397.52,5.0,P,397.47,3.0,['R'],B,397.495
SPY,2023-01-17 09:02:51.161614+00:00,P,397.49,13.0,K,397.47,3.0,['R'],B,397.48
SPY,2023-01-17 09:02:51.161614+00:00,P,397.49,5.0,K,397.47,3.0,['R'],B,397.48
SPY,2023-01-17 09:02:51.161870+00:00,P,397.49,13.0,P,397.47,3.0,['R'],B,397.48
SPY,2023-01-17 09:02:52.381262+00:00,P,397.49,13.0,K,397.47,3.0,['R'],B,397.48
SPY,2023-01-17 09:02:52.381498+00:00,P,397.49,13.0,T,397.46,3.0,['R'],B,397.475
SPY,2023-01-17 09:02:52.586821+00:00,P,397.49,13.0,P,397.46,3.0,['R'],B,397.475
SPY,2023-01-17 09:02:54.783277+00:00,P,397.49,13.0,K,397.46,3.0,['R'],B,397.475
SPY,2023-01-17 09:02:54.787121+00:00,P,397.49,13.0,P,397.45,8.0,['R'],B,397.47
SPY,2023-01-17 09:02:54.811194+00:00,P,397.49,13.0,T,397.45,8.0,['R'],B,397.47
SPY,2023-01-17 09:02:59.797750+00:00,P,397.49,13.0,P,397.46,3.0,['R'],B,397.475
SPY,2023-01-17 09:03:00.415990+00:00,P,397.49,8.0,K,397.46,3.0,['R'],B,397.475
SPY,2023-01-17 09:03:00.415994+00:00,K,397.49,5.0,K,397.46,3.0,['R'],B,397.475
SPY,2023-01-17 09:03:00.416240+00:00,T,397.49,5.0,T,397.46,3.0,['R'],B,397.475
SPY,2023-01-17 09:03:00.416280+00:00,P,397.5,16.0,P,397.46,3.0,['R'],B,397.48
SPY,2023-01-17 09:03:00.416556+00:00,K,397.5,5.0,T,397.46,3.0,['R'],B,397.48
SPY,2023-01-17 09:03:00.416556+00:00,P,397.5,8.0,T,397.46,3.0,['R'],B,397.48
SPY,2023-01-17 09:03:00.416796+00:00,P,397.51,16.0,T,397.46,3.0,['R'],B,397.485
SPY,2023-01-17 09:03:00.417588+00:00,P,397.51,16.0,P,397.46,11.0,['R'],B,397.485
SPY,2023-01-17 09:03:00.417608+00:00,P,397.51,16.0,P,397.46,16.0,['R'],B,397.485
SPY,2023-01-17 09:03:00.498160+00:00,P,397.51,13.0,P,397.46,16.0,['R'],B,397.485
SPY,2023-01-17 09:03:00.505577+00:00,P,397.51,13.0,P,397.47,3.0,['R'],B,397.49
SPY,2023-01-17 09:03:00.509973+00:00,K,397.51,5.0,K,397.47,3.0,['R'],B,397.49
SPY,2023-01-17 09:03:00.510008+00:00,T,397.51,3.0,T,397.47,3.0,['R'],B,397.49
SPY,2023-01-17 09:03:00.522132+00:00,P,397.52,16.0,P,397.47,3.0,['R'],B,397.495
SPY,2023-01-17 09:03:00.526302+00:00,P,397.52,11.0,K,397.47,3.0,['R'],B,397.495
SPY,2023-01-17 09:03:00.526302+00:00,T,397.52,5.0,K,397.47,3.0,['R'],B,397.495
SPY,2023-01-17 09:03:00.526562+00:00,K,397.52,3.0,K,397.47,3.0,['R'],B,397.495
SPY,2023-01-17 09:03:00.606382+00:00,K,397.52,3.0,P,397.47,4.0,['R'],B,397.495
SPY,2023-01-17 09:03:00.606492+00:00,P,397.54,16.0,P,397.47,4.0,['R'],B,397.505
SPY,2023-01-17 09:03:00.606688+00:00,P,397.54,16.0,T,397.48,3.0,['R'],B,397.51
SPY,2023-01-17 09:03:00.617253+00:00,P,397.54,16.0,P,397.48,5.0,['R'],B,397.51
SPY,2023-01-17 09:03:00.617524+00:00,P,397.54,16.0,T,397.48,8.0,['R'],B,397.51
SPY,2023-01-17 09:03:00.719847+00:00,P,397.54,16.0,P,397.49,3.0,['R'],B,397.515
SPY,2023-01-17 09:03:00.720308+00:00,P,397.54,11.0,K,397.49,3.0,['R'],B,397.515
SPY,2023-01-17 09:03:00.720313+00:00,K,397.54,5.0,K,397.49,3.0,['R'],B,397.515
SPY,2023-01-17 09:03:00.720553+00:00,P,397.56,13.0,T,397.49,3.0,['R'],B,397.525
SPY,2023-01-17 09:03:00.724979+00:00,P,397.56,13.0,P,397.49,3.0,['R'],B,397.525
SPY,2023-01-17 09:03:00.750705+00:00,P,397.56,8.0,K,397.49,3.0,['R'],B,397.525
SPY,2023-01-17 09:03:00.750951+00:00,P,397.56,8.0,T,397.49,3.0,['R'],B,397.525
SPY,2023-01-17 09:03:00.751016+00:00,P,397.56,8.0,P,397.49,3.0,['R'],B,397.525
SPY,2023-01-17 09:03:00.828936+00:00,P,397.55,5.0,K,397.49,3.0,['R'],B,397.52
SPY,2023-01-17 09:03:00.828941+00:00,P,397.55,13.0,K,397.49,3.0,['R'],B,397.52
SPY,2023-01-17 09:03:00.828956+00:00,P,397.55,13.0,T,397.49,3.0,['R'],B,397.52
SPY,2023-01-17 09:03:00.928463+00:00,P,397.55,13.0,P,397.49,3.0,['R'],B,397.52
SPY,2023-01-17 09:03:01.103980+00:00,P,397.55,8.0,K,397.49,3.0,['R'],B,397.52
SPY,2023-01-17 09:03:01.103985+00:00,K,397.55,5.0,K,397.49,3.0,['R'],B,397.52
SPY,2023-01-17 09:03:01.103990+00:00,K,397.55,5.0,P,397.49,4.0,['R'],B,397.52
SPY,2023-01-17 09:03:01.104236+00:00,T,397.55,5.0,P,397.49,4.0,['R'],B,397.52
SPY,2023-01-17 09:03:01.104281+00:00,P,397.56,16.0,P,397.49,4.0,['R'],B,397.525
SPY,2023-01-17 09:03:01.118720+00:00,P,397.56,16.0,P,397.5,5.0,['R'],B,397.53
SPY,2023-01-17 09:03:01.258277+00:00,P,397.56,16.0,P,397.51,3.0,['R'],B,397.53499999999997
SPY,2023-01-17 09:03:01.336854+00:00,P,397.55,3.0,K,397.51,3.0,['R'],B,397.53
SPY,2023-01-17 09:03:01.337110+00:00,P,397.55,3.0,T,397.51,3.0,['R'],B,397.53
SPY,2023-01-17 09:03:01.337165+00:00,P,397.55,3.0,P,397.51,3.0,['R'],B,397.53
SPY,2023-01-17 09:03:02.205193+00:00,P,397.54,5.0,K,397.51,3.0,['R'],B,397.525
SPY,2023-01-17 09:03:02.205198+00:00,P,397.54,13.0,K,397.51,3.0,['R'],B,397.525
SPY,2023-01-17 09:03:02.205474+00:00,P,397.54,13.0,T,397.51,3.0,['R'],B,397.525
SPY,2023-01-17 09:03:02.205494+00:00,P,397.54,13.0,P,397.51,3.0,['R'],B,397.525
SPY,2023-01-17 09:03:02.206426+00:00,K,397.54,5.0,K,397.51,3.0,['R'],B,397.525
SPY,2023-01-17 09:03:02.206692+00:00,T,397.54,5.0,T,397.51,3.0,['R'],B,397.525
SPY,2023-01-17 09:03:02.206732+00:00,P,397.55,3.0,P,397.51,3.0,['R'],B,397.53
SPY,2023-01-17 09:03:02.939327+00:00,K,397.55,3.0,K,397.51,3.0,['R'],B,397.53
SPY,2023-01-17 09:03:02.939573+00:00,T,397.55,3.0,T,397.51,3.0,['R'],B,397.53
SPY,2023-01-17 09:03:02.939638+00:00,P,397.56,16.0,P,397.51,3.0,['R'],B,397.53499999999997
SPY,2023-01-17 09:03:04.333416+00:00,P,397.56,13.0,K,397.51,3.0,['R'],B,397.53499999999997
SPY,2023-01-17 09:03:04.333436+00:00,P,397.56,13.0,P,397.51,4.0,['R'],B,397.53499999999997
SPY,2023-01-17 09:03:04.333442+00:00,K,397.56,8.0,P,397.51,4.0,['R'],B,397.53499999999997
SPY,2023-01-17 09:03:04.333547+00:00,K,397.56,8.0,P,397.52,3.0,['R'],B,397.53999999999996
SPY,2023-01-17 09:03:04.333682+00:00,T,397.56,8.0,P,397.52,3.0,['R'],B,397.53999999999996
SPY,2023-01-17 09:03:04.333727+00:00,T,397.56,5.0,P,397.52,3.0,['R'],B,397.53999999999996
SPY,2023-01-17 09:03:04.333742+00:00,T,397.57,6.0,P,397.52,3.0,['R'],B,397.54499999999996
SPY,2023-01-17 09:03:04.333757+00:00,K,397.57,3.0,P,397.52,3.0,['R'],B,397.54499999999996
SPY,2023-01-17 09:03:04.333787+00:00,T,397.57,3.0,P,397.52,3.0,['R'],B,397.54499999999996
SPY,2023-01-17 09:03:04.334083+00:00,P,397.59,13.0,P,397.52,3.0,['R'],B,397.55499999999995
SPY,2023-01-17 09:03:04.348362+00:00,P,397.59,13.0,P,397.53,5.0,['R'],B,397.55999999999995
SPY,2023-01-17 09:03:04.413607+00:00,P,397.58,3.0,K,397.53,5.0,['R'],B,397.55499999999995
SPY,2023-01-17 09:03:04.413863+00:00,P,397.58,3.0,T,397.53,5.0,['R'],B,397.55499999999995
SPY,2023-01-17 09:03:04.413913+00:00,P,397.58,3.0,P,397.53,5.0,['R'],B,397.55499999999995
SPY,2023-01-17 09:03:04.961254+00:00,K,397.58,3.0,P,397.54,3.0,['R'],B,397.56
SPY,2023-01-17 09:03:04.961519+00:00,P,397.58,3.0,P,397.54,3.0,['R'],B,397.56
SPY,2023-01-17 09:03:05.096280+00:00,K,397.58,3.0,K,397.54,3.0,['R'],B,397.56
SPY,2023-01-17 09:03:05.096495+00:00,P,397.56,8.0,K,397.54,3.0,['R'],B,397.55
SPY,2023-01-17 09:03:05.096500+00:00,P,397.56,13.0,K,397.54,3.0,['R'],B,397.55
SPY,2023-01-17 09:03:05.096550+00:00,P,397.56,13.0,T,397.54,3.0,['R'],B,397.55
SPY,2023-01-17 09:03:05.096590+00:00,P,397.56,13.0,T,397.53,9.0,['R'],B,397.54499999999996
SPY,2023-01-17 09:03:05.096595+00:00,P,397.56,13.0,K,397.53,8.0,['R'],B,397.54499999999996
SPY,2023-01-17 09:03:05.096786+00:00,P,397.56,13.0,P,397.53,5.0,['R'],B,397.54499999999996
SPY,2023-01-17 09:03:05.100565+00:00,P,397.56,13.0,K,397.53,5.0,['R'],B,397.54499999999996
SPY,2023-01-17 09:03:05.100585+00:00,P,397.56,13.0,T,397.53,5.0,['R'],B,397.54499999999996
SPY,2023-01-17 09:03:05.100836+00:00,P,397.56,13.0,P,397.52,3.0,['R'],B,397.53999999999996
SPY,2023-01-17 09:03:05.204833+00:00,P,397.55,3.0,T,397.52,3.0,['R'],B,397.53499999999997
SPY,2023-01-17 09:03:05.205148+00:00,P,397.55,3.0,P,397.52,3.0,['R'],B,397.53499999999997
SPY,2023-01-17 09:03:07.141039+00:00,K,397.55,3.0,T,397.52,3.0,['R'],B,397.53499999999997
SPY,2023-01-17 09:03:07.141274+00:00,T,397.55,3.0,T,397.52,3.0,['R'],B,397.53499999999997
SPY,2023-01-17 09:03:07.141355+00:00,K,397.57,3.0,P,397.52,3.0,['R'],B,397.54499999999996
SPY,2023-01-17 09:03:07.141475+00:00,P,397.58,3.0,P,397.52,3.0,['R'],B,397.54999999999995
SPY,2023-01-17 09:03:09.622041+00:00,P,397.58,3.0,T,397.52,4.0,['R'],B,397.54999999999995
SPY,2023-01-17 09:03:09.622091+00:00,K,397.58,3.0,T,397.52,4.0,['R'],B,397.54999999999995
SPY,2023-01-17 09:03:09.628862+00:00,K,397.58,3.0,P,397.53,5.0,['R'],B,397.55499999999995
SPY,2023-01-17 09:03:09.628892+00:00,P,397.58,3.0,P,397.53,5.0,['R'],B,397.55499999999995
SPY,2023-01-17 09:03:09.638455+00:00,K,397.58,3.0,P,397.53,8.0,['R'],B,397.55499999999995
SPY,2023-01-17 09:03:09.638460+00:00,K,397.58,3.0,P,397.54,3.0,['R'],B,397.56
SPY,2023-01-17 09:03:09.638701+00:00,P,397.58,3.0,P,397.54,3.0,['R'],B,397.56
SPY,2023-01-17 09:03:11.615319+00:00,K,397.58,3.0,T,397.54,3.0,['R'],B,397.56
SPY,2023-01-17 09:03:11.615339+00:00,K,397.58,3.0,P,397.54,4.0,['R'],B,397.56
SPY,2023-01-17 09:03:11.615619+00:00,K,397.59,3.0,P,397.54,4.0,['R'],B,397.565
SPY,2023-01-17 09:03:11.615665+00:00,K,397.59,3.0,P,397.54,12.0,['R'],B,397.565
SPY,2023-01-17 09:03:11.615689+00:00,K,397.59,3.0,P,397.54,17.0,['R'],B,397.565
SPY,2023-01-17 09:03:11.615709+00:00,K,397.6,3.0,P,397.54,17.0,['R'],B,397.57000000000005
SPY,2023-01-17 09:03:11.615900+00:00,P,397.64,13.0,P,397.54,17.0,['R'],B,397.59000000000003
SPY,2023-01-17 09:03:11.616030+00:00,P,397.64,8.0,P,397.54,17.0,['R'],B,397.59000000000003
SPY,2023-01-17 09:03:11.625984+00:00,P,397.64,8.0,P,397.55,5.0,['R'],B,397.595
SPY,2023-01-17 09:03:11.706540+00:00,P,397.64,8.0,P,397.55,8.0,['R'],B,397.595
SPY,2023-01-17 09:03:11.706545+00:00,P,397.64,8.0,P,397.56,3.0,['R'],B,397.6
SPY,2023-01-17 09:03:11.716194+00:00,P,397.62,5.0,K,397.56,3.0,['R'],B,397.59000000000003
SPY,2023-01-17 09:03:11.716283+00:00,P,397.62,5.0,P,397.56,3.0,['R'],B,397.59000000000003
SPY,2023-01-17 09:03:11.718935+00:00,P,397.62,5.0,P,397.56,8.0,['R'],B,397.59000000000003
SPY,2023-01-17 09:03:11.784520+00:00,P,397.62,5.0,K,397.56,8.0,['R'],B,397.59000000000003
SPY,2023-01-17 09:03:11.785197+00:00,P,397.62,5.0,T,397.56,5.0,['R'],B,397.59000000000003
SPY,2023-01-17 09:03:11.785292+00:00,P,397.62,5.0,K,397.56,3.0,['R'],B,397.59000000000003
SPY,2023-01-17 09:03:11.837331+00:00,P,397.62,5.0,P,397.56,5.0,['R'],B,397.59000000000003
SPY,2023-01-17 09:03:11.837366+00:00,P,397.62,5.0,K,397.56,8.0,['R'],B,397.59000000000003
SPY,2023-01-17 09:03:11.877677+00:00,P,397.59,3.0,K,397.56,8.0,['R'],B,397.575
SPY,2023-01-17 09:03:11.877998+00:00,P,397.59,3.0,T,397.56,5.0,['R'],B,397.575
SPY,2023-01-17 09:03:11.878353+00:00,P,397.59,3.0,P,397.55,8.0,['R'],B,397.57
SPY,2023-01-17 09:03:11.882283+00:00,P,397.59,3.0,K,397.55,8.0,['R'],B,397.57
SPY,2023-01-17 09:03:11.882298+00:00,P,397.59,3.0,T,397.55,8.0,['R'],B,397.57
SPY,2023-01-17 09:03:11.882553+00:00,P,397.59,3.0,T,397.55,3.0,['R'],B,397.57
SPY,2023-01-17 09:03:11.882578+00:00,P,397.59,3.0,P,397.54,3.0,['R'],B,397.565
SPY,2023-01-17 09:03:11.882578+00:00,P,397.59,3.0,T,397.54,6.0,['R'],B,397.565
SPY,2023-01-17 09:03:11.919281+00:00,P,397.59,3.0,P,397.54,8.0,['R'],B,397.565
SPY,2023-01-17 09:03:14.888283+00:00,P,397.62,5.0,T,397.54,8.0,['R'],B,397.58000000000004
SPY,2023-01-17 09:03:14.888318+00:00,P,397.62,5.0,P,397.54,9.0,['R'],B,397.58000000000004
SPY,2023-01-17 09:03:14.888318+00:00,P,397.62,5.0,P,397.55,3.0,['R'],B,397.58500000000004
SPY,2023-01-17 09:03:14.888348+00:00,P,397.59,3.0,P,397.55,3.0,['R'],B,397.57
SPY,2023-01-17 09:03:14.888418+00:00,P,397.6,3.0,P,397.55,3.0,['R'],B,397.57500000000005
SPY,2023-01-17 09:03:14.888529+00:00,P,397.61,3.0,P,397.55,3.0,['R'],B,397.58000000000004
SPY,2023-01-17 09:03:16.514769+00:00,P,397.59,3.0,T,397.55,3.0,['R'],B,397.57
SPY,2023-01-17 09:03:17.514912+00:00,P,397.6,3.0,T,397.55,3.0,['R'],B,397.57500000000005
SPY,2023-01-17 09:03:17.523457+00:00,P,397.6,3.0,P,397.55,8.0,['R'],B,397.57500000000005
SPY,2023-01-17 09:03:18.111750+00:00,P,397.59,3.0,K,397.55,8.0,['R'],B,397.57
SPY,2023-01-17 09:03:18.116251+00:00,P,397.59,3.0,T,397.55,8.0,['R'],B,397.57
SPY,2023-01-17 09:03:18.116502+00:00,P,397.59,3.0,P,397.55,3.0,['R'],B,397.57
SPY,2023-01-17 09:03:18.921680+00:00,P,397.59,3.0,P,397.56,8.0,['R'],B,397.575
SPY,2023-01-17 09:03:18.921685+00:00,P,397.59,3.0,P,397.56,13.0,['R'],B,397.575
SPY,2023-01-17 09:03:18.921700+00:00,P,397.6,3.0,P,397.56,13.0,['R'],B,397.58000000000004
SPY,2023-01-17 09:03:18.922256+00:00,P,397.6,3.0,P,397.57,3.0,['R'],B,397.58500000000004
SPY,2023-01-17 09:03:19.281891+00:00,P,397.6,3.0,K,397.57,3.0,['R'],B,397.58500000000004
SPY,2023-01-17 09:03:19.282141+00:00,P,397.6,3.0,T,397.55,8.0,['R'],B,397.57500000000005
SPY,2023-01-17 09:03:19.282196+00:00,P,397.6,3.0,P,397.55,3.0,['R'],B,397.57500000000005
SPY,2023-01-17 09:03:20.440495+00:00,P,397.59,3.0,K,397.55,3.0,['R'],B,397.57
SPY,2023-01-17 09:03:20.440610+00:00,P,397.59,11.0,K,397.55,3.0,['R'],B,397.57
SPY,2023-01-17 09:03:20.440615+00:00,P,397.59,16.0,K,397.55,3.0,['R'],B,397.57
SPY,2023-01-17 09:03:20.440901+00:00,P,397.59,16.0,T,397.55,3.0,['R'],B,397.57
SPY,2023-01-17 09:03:20.440911+00:00,P,397.59,16.0,P,397.55,3.0,['R'],B,397.57
SPY,2023-01-17 09:03:20.444785+00:00,P,397.59,8.0,K,397.55,3.0,['R'],B,397.57
SPY,2023-01-17 09:03:20.444800+00:00,K,397.59,5.0,K,397.55,3.0,['R'],B,397.57
SPY,2023-01-17 09:03:20.445020+00:00,T,397.59,5.0,P,397.55,3.0,['R'],B,397.57
SPY,2023-01-17 09:03:20.445126+00:00,P,397.59,3.0,P,397.55,3.0,['R'],B,397.57
SPY,2023-01-17 09:03:22.155661+00:00,P,397.59,3.0,P,397.56,8.0,['R'],B,397.575
SPY,2023-01-17 09:03:22.155666+00:00,P,397.59,3.0,P,397.56,13.0,['R'],B,397.575
SPY,2023-01-17 09:03:22.155757+00:00,P,397.6,3.0,P,397.56,13.0,['R'],B,397.58000000000004
SPY,2023-01-17 09:03:22.159851+00:00,P,397.6,3.0,P,397.56,8.0,['R'],B,397.58000000000004
SPY,2023-01-17 09:03:22.159876+00:00,P,397.6,3.0,K,397.56,5.0,['R'],B,397.58000000000004
SPY,2023-01-17 09:03:22.160062+00:00,P,397.6,3.0,T,397.56,5.0,['R'],B,397.58000000000004
SPY,2023-01-17 09:03:22.160162+00:00,P,397.6,3.0,P,397.55,3.0,['R'],B,397.57500000000005
SPY,2023-01-17 09:03:22.196934+00:00,P,397.6,3.0,P,397.55,8.0,['R'],B,397.57500000000005
SPY,2023-01-17 09:03:23.701414+00:00,P,397.6,3.0,K,397.55,8.0,['R'],B,397.57500000000005
SPY,2023-01-17 09:03:23.701419+00:00,P,397.59,3.0,K,397.55,8.0,['R'],B,397.57
SPY,2023-01-17 09:03:23.701579+00:00,P,397.59,11.0,K,397.55,8.0,['R'],B,397.57
SPY,2023-01-17 09:03:23.701584+00:00,P,397.59,16.0,K,397.55,8.0,['R'],B,397.57
SPY,2023-01-17 09:03:23.701690+00:00,P,397.59,16.0,T,397.55,5.0,['R'],B,397.57
SPY,2023-01-17 09:03:23.701930+00:00,P,397.59,16.0,P,397.54,3.0,['R'],B,397.565
SPY,2023-01-17 09:03:23.702687+00:00,K,397.59,5.0,K,397.54,3.0,['R'],B,397.565
SPY,2023-01-17 09:03:23.702687+00:00,P,397.59,8.0,K,397.54,3.0,['R'],B,397.565
SPY,2023-01-17 09:03:23.702923+00:00,T,397.59,5.0,T,397.54,3.0,['R'],B,397.565
SPY,2023-01-17 09:03:23.702988+00:00,P,397.59,3.0,P,397.54,3.0,['R'],B,397.565
SPY,2023-01-17 09:03:23.703003+00:00,P,397.59,3.0,T,397.54,4.0,['R'],B,397.565
SPY,2023-01-17 09:03:24.056613+00:00,T,397.55,4.0,T,397.54,4.0,['R'],B,397.545
SPY,2023-01-17 09:03:25.152575+00:00,T,397.55,4.0,P,397.54,3.0,['R'],B,397.545
SPY,2023-01-17 09:03:25.152680+00:00,T,397.55,4.0,K,397.54,3.0,['R'],B,397.545
SPY,2023-01-17 09:03:25.152936+00:00,T,397.55,4.0,T,397.54,3.0,['R'],B,397.545
SPY,2023-01-17 09:03:25.152981+00:00,T,397.55,4.0,P,397.53,8.0,['R'],B,397.53999999999996
SPY,2023-01-17 09:03:25.153357+00:00,T,397.55,4.0,K,397.53,8.0,['R'],B,397.53999999999996
SPY,2023-01-17 09:03:25.153592+00:00,T,397.55,4.0,T,397.53,5.0,['R'],B,397.53999999999996
SPY,2023-01-17 09:03:25.157306+00:00,T,397.55,4.0,T,397.52,3.0,['R'],B,397.53499999999997
SPY,2023-01-17 09:03:25.157331+00:00,T,397.55,4.0,P,397.51,13.0,['R'],B,397.53
SPY,2023-01-17 09:03:25.172603+00:00,T,397.55,4.0,K,397.51,5.0,['R'],B,397.53
SPY,2023-01-17 09:03:25.172632+00:00,T,397.55,4.0,T,397.51,5.0,['R'],B,397.53
SPY,2023-01-17 09:03:25.172868+00:00,T,397.55,4.0,P,397.5,14.0,['R'],B,397.525
SPY,2023-01-17 09:03:25.210016+00:00,T,397.55,4.0,P,397.51,5.0,['R'],B,397.53
SPY,2023-01-17 09:03:25.353142+00:00,T,397.55,4.0,K,397.51,5.0,['R'],B,397.53
SPY,2023-01-17 09:03:25.356951+00:00,T,397.55,4.0,T,397.51,5.0,['R'],B,397.53
SPY,2023-01-17 09:03:27.047864+00:00,T,397.55,7.0,P,397.51,5.0,['R'],B,397.53
SPY,2023-01-17 09:03:27.047869+00:00,T,397.54,3.0,P,397.51,5.0,['R'],B,397.525
SPY,2023-01-17 09:03:27.048029+00:00,T,397.54,3.0,K,397.51,5.0,['R'],B,397.525
SPY,2023-01-17 09:03:27.048044+00:00,T,397.54,3.0,T,397.51,5.0,['R'],B,397.525
SPY,2023-01-17 09:03:27.048300+00:00,T,397.54,3.0,T,397.5,3.0,['R'],B,397.52
SPY,2023-01-17 09:03:27.048325+00:00,T,397.54,3.0,P,397.48,14.0,['R'],B,397.51
SPY,2023-01-17 09:03:27.048325+00:00,T,397.54,3.0,T,397.49,3.0,['R'],B,397.515
SPY,2023-01-17 09:03:27.048360+00:00,T,397.54,3.0,T,397.49,1.0,['R'],B,397.515
SPY,2023-01-17 09:03:27.090601+00:00,T,397.54,3.0,P,397.49,3.0,['R'],B,397.515
SPY,2023-01-17 09:03:27.090911+00:00,T,397.54,3.0,T,397.49,4.0,['R'],B,397.515
SPY,2023-01-17 09:03:27.090911+00:00,T,397.54,3.0,T,397.5,3.0,['R'],B,397.52
SPY,2023-01-17 09:03:27.986791+00:00,T,397.54,3.0,P,397.5,5.0,['R'],B,397.52
SPY,2023-01-17 09:03:27.986846+00:00,T,397.54,3.0,K,397.5,8.0,['R'],B,397.52
SPY,2023-01-17 09:03:28.084864+00:00,T,397.54,3.0,P,397.51,3.0,['R'],B,397.525
SPY,2023-01-17 09:03:29.532615+00:00,T,397.55,7.0,P,397.51,3.0,['R'],B,397.53
SPY,2023-01-17 09:03:34.220593+00:00,T,397.55,7.0,T,397.51,4.0,['R'],B,397.53
SPY,2023-01-17 09:03:34.221229+00:00,T,397.55,4.0,T,397.51,4.0,['R'],B,397.53
SPY,2023-01-17 09:03:34.221234+00:00,T,397.55,4.0,T,397.52,3.0,['R'],B,397.53499999999997
SPY,2023-01-17 09:03:34.235744+00:00,T,397.55,4.0,P,397.53,5.0,['R'],B,397.53999999999996
SPY,2023-01-17 09:03:35.019392+00:00,T,397.55,4.0,P,397.53,8.0,['R'],B,397.53999999999996
SPY,2023-01-17 09:03:35.019397+00:00,T,397.55,4.0,P,397.54,3.0,['R'],B,397.545
SPY,2023-01-17 09:03:35.332872+00:00,T,397.55,4.0,K,397.54,3.0,['R'],B,397.545
SPY,2023-01-17 09:03:35.332887+00:00,T,397.55,4.0,P,397.54,4.0,['R'],B,397.545
SPY,2023-01-17 09:03:35.333022+00:00,T,397.55,4.0,P,397.54,7.0,['R'],B,397.545
SPY,2023-01-17 09:03:35.333037+00:00,T,397.55,4.0,P,397.54,15.0,['R'],B,397.545
SPY,2023-01-17 09:03:35.333037+00:00,T,397.55,4.0,P,397.54,20.0,['R'],B,397.545
SPY,2023-01-17 09:03:35.333188+00:00,K,397.59,3.0,P,397.54,20.0,['R'],B,397.565
SPY,2023-01-17 09:03:35.333212+00:00,K,397.59,3.0,P,397.55,3.0,['R'],B,397.57
SPY,2023-01-17 09:03:35.333293+00:00,P,397.59,3.0,P,397.55,3.0,['R'],B,397.57
SPY,2023-01-17 09:03:35.343282+00:00,K,397.59,3.0,T,397.55,3.0,['R'],B,397.57
SPY,2023-01-17 09:03:35.343527+00:00,P,397.62,13.0,T,397.55,3.0,['R'],B,397.58500000000004
SPY,2023-01-17 09:03:35.344129+00:00,P,397.62,13.0,T,397.55,8.0,['R'],B,397.58500000000004
SPY,2023-01-17 09:03:35.348424+00:00,P,397.62,13.0,P,397.56,5.0,['R'],B,397.59000000000003
SPY,2023-01-17 09:03:36.296201+00:00,P,397.59,3.0,K,397.56,5.0,['R'],B,397.575
SPY,2023-01-17 09:03:36.296457+00:00,P,397.59,3.0,T,397.56,5.0,['R'],B,397.575
SPY,2023-01-17 09:03:37.001848+00:00,P,397.59,3.0,T,397.55,5.0,['R'],B,397.57
SPY,2023-01-17 09:03:37.002013+00:00,P,397.59,3.0,P,397.53,14.0,['R'],B,397.55999999999995
SPY,2023-01-17 09:03:37.038039+00:00,P,397.59,3.0,P,397.53,19.0,['R'],B,397.55999999999995
SPY,2023-01-17 09:03:37.225419+00:00,P,397.59,2.0,P,397.53,19.0,['R'],B,397.55999999999995
SPY,2023-01-17 09:03:37.225820+00:00,P,397.59,2.0,K,397.54,3.0,['R'],B,397.565
SPY,2023-01-17 09:03:37.915514+00:00,K,397.59,3.0,T,397.54,3.0,['R'],B,397.565
SPY,2023-01-17 09:03:37.915554+00:00,K,397.59,3.0,P,397.54,3.0,['R'],B,397.565
SPY,2023-01-17 09:03:38.659607+00:00,K,397.59,3.0,K,397.54,3.0,['R'],B,397.565
SPY,2023-01-17 09:03:38.659683+00:00,T,397.59,3.0,T,397.53,9.0,['R'],B,397.55999999999995
SPY,2023-01-17 09:03:38.659923+00:00,K,397.59,3.0,P,397.53,8.0,['R'],B,397.55999999999995
SPY,2023-01-17 09:03:38.817222+00:00,K,397.59,3.0,P,397.54,3.0,['R'],B,397.565
SPY,2023-01-17 09:03:38.817472+00:00,T,397.59,3.0,P,397.54,3.0,['R'],B,397.565
SPY,2023-01-17 09:03:39.232674+00:00,T,397.59,3.0,K,397.54,3.0,['R'],B,397.565
SPY,2023-01-17 09:03:39.232959+00:00,K,397.59,3.0,K,397.54,3.0,['R'],B,397.565
SPY,2023-01-17 09:03:39.232974+00:00,T,397.59,3.0,P,397.53,5.0,['R'],B,397.55999999999995
SPY,2023-01-17 09:03:39.237270+00:00,T,397.59,3.0,T,397.53,5.0,['R'],B,397.55999999999995
SPY,2023-01-17 09:03:39.237540+00:00,K,397.59,3.0,P,397.51,13.0,['R'],B,397.54999999999995
SPY,2023-01-17 09:03:39.238583+00:00,P,397.58,8.0,P,397.51,13.0,['R'],B,397.54499999999996
SPY,2023-01-17 09:03:39.238588+00:00,P,397.58,13.0,P,397.51,13.0,['R'],B,397.54499999999996
SPY,2023-01-17 09:03:39.258069+00:00,K,397.58,5.0,P,397.51,13.0,['R'],B,397.54499999999996
SPY,2023-01-17 09:03:39.258069+00:00,P,397.58,8.0,P,397.51,13.0,['R'],B,397.54499999999996
SPY,2023-01-17 09:03:39.258074+00:00,K,397.58,5.0,P,397.52,3.0,['R'],B,397.54999999999995
SPY,2023-01-17 09:03:39.258345+00:00,T,397.58,5.0,P,397.52,3.0,['R'],B,397.54999999999995
SPY,2023-01-17 09:03:39.258375+00:00,P,397.59,15.0,P,397.52,3.0,['R'],B,397.55499999999995
SPY,2023-01-17 09:03:39.525555+00:00,P,397.59,15.0,P,397.52,11.0,['R'],B,397.55499999999995
SPY,2023-01-17 09:03:39.525560+00:00,P,397.59,15.0,P,397.52,16.0,['R'],B,397.55499999999995
SPY,2023-01-17 09:03:39.525790+00:00,P,397.59,15.0,P,397.53,3.0,['R'],B,397.55999999999995
SPY,2023-01-17 09:03:39.526031+00:00,P,397.59,15.0,P,397.53,4.0,['R'],B,397.55999999999995
SPY,2023-01-17 09:03:39.575879+00:00,K,397.59,8.0,T,397.53,4.0,['R'],B,397.55999999999995
SPY,2023-01-17 09:03:39.575885+00:00,K,397.59,8.0,P,397.54,3.0,['R'],B,397.565
SPY,2023-01-17 09:03:39.576190+00:00,K,397.59,3.0,P,397.54,3.0,['R'],B,397.565
SPY,2023-01-17 09:03:39.576190+00:00,T,397.59,3.0,P,397.54,3.0,['R'],B,397.565
SPY,2023-01-17 09:03:39.584139+00:00,T,397.59,3.0,P,397.54,3.0,['R'],B,397.565
SPY,2023-01-17 09:03:39.684573+00:00,T,397.59,3.0,K,397.54,6.0,['R'],B,397.565
SPY,2023-01-17 09:03:39.684603+00:00,T,397.59,3.0,K,397.55,3.0,['R'],B,397.57
SPY,2023-01-17 09:03:39.698792+00:00,T,397.59,3.0,P,397.55,5.0,['R'],B,397.57
SPY,2023-01-17 09:03:39.698822+00:00,T,397.59,3.0,K,397.55,8.0,['R'],B,397.57
SPY,2023-01-17 09:03:39.699063+00:00,K,397.59,3.0,K,397.55,8.0,['R'],B,397.57
SPY,2023-01-17 09:03:40.153693+00:00,T,397.59,3.0,K,397.57,2.0,['R'],B,397.58
SPY,2023-01-17 09:03:40.332579+00:00,K,397.59,3.0,K,397.57,2.0,['R'],B,397.58
SPY,2023-01-17 09:03:40.332845+00:00,T,397.59,3.0,K,397.57,2.0,['R'],B,397.58
SPY,2023-01-17 09:03:40.332860+00:00,P,397.6,3.0,K,397.57,2.0,['R'],B,397.58500000000004
SPY,2023-01-17 09:03:40.531512+00:00,K,397.61,3.0,K,397.57,2.0,['R'],B,397.59000000000003
SPY,2023-01-17 09:03:40.531778+00:00,K,397.61,3.0,K,397.58,3.0,['R'],B,397.595
SPY,2023-01-17 09:03:40.532349+00:00,K,397.61,3.0,K,397.57,2.0,['R'],B,397.59000000000003
SPY,2023-01-17 09:03:40.567854+00:00,K,397.61,3.0,P,397.57,3.0,['R'],B,397.59000000000003
SPY,2023-01-17 09:03:40.568104+00:00,K,397.61,3.0,K,397.58,3.0,['R'],B,397.595
SPY,2023-01-17 09:03:40.767258+00:00,K,397.61,3.0,K,397.57,5.0,['R'],B,397.59000000000003
SPY,2023-01-17 09:03:40.799449+00:00,P,397.6,3.0,K,397.57,5.0,['R'],B,397.58500000000004
SPY,2023-01-17 09:03:40.799680+00:00,P,397.6,3.0,T,397.57,3.0,['R'],B,397.58500000000004
SPY,2023-01-17 09:03:40.944955+00:00,P,397.6,3.0,P,397.57,3.0,['R'],B,397.58500000000004
SPY,2023-01-17 09:03:41.375373+00:00,P,397.6,1.0,P,397.57,3.0,['R'],B,397.58500000000004
SPY,2023-01-17 09:03:41.375428+00:00,K,397.61,3.0,P,397.57,3.0,['R'],B,397.59000000000003
SPY,2023-01-17 09:03:41.718403+00:00,K,397.61,2.0,P,397.57,3.0,['R'],B,397.59000000000003
SPY,2023-01-17 09:03:43.038902+00:00,K,397.61,2.0,K,397.57,5.0,['R'],B,397.59000000000003
SPY,2023-01-17 09:03:43.648190+00:00,K,397.61,2.0,P,397.57,3.0,['R'],B,397.59000000000003
SPY,2023-01-17 09:03:44.461477+00:00,K,397.61,2.0,T,397.57,3.0,['R'],B,397.59000000000003
SPY,2023-01-17 09:03:44.461788+00:00,K,397.61,2.0,K,397.57,2.0,['R'],B,397.59000000000003
SPY,2023-01-17 09:03:45.041451+00:00,P,397.59,5.0,K,397.57,2.0,['R'],B,397.58
SPY,2023-01-17 09:03:45.041466+00:00,P,397.59,13.0,K,397.57,2.0,['R'],B,397.58
SPY,2023-01-17 09:03:45.054011+00:00,P,397.59,8.0,K,397.57,2.0,['R'],B,397.58
SPY,2023-01-17 09:03:45.054026+00:00,K,397.59,5.0,K,397.57,2.0,['R'],B,397.58
SPY,2023-01-17 09:03:45.054327+00:00,T,397.59,5.0,K,397.57,2.0,['R'],B,397.58
SPY,2023-01-17 09:03:45.054397+00:00,K,397.6,3.0,K,397.57,2.0,['R'],B,397.58500000000004
