_symbol,_timestamp,_ask_exchange,_ask_price,_ask_size,_bid_exchange,_bid_price,_bid_size,_conditions,_tape,market_price
GOOG,2023-01-03 09:00:00.001725+00:00,T,0.0,0.0,T,89.39,1.0,['R'],C,44.695
GOOG,2023-01-03 09:00:00.001768+00:00,T,90.15,1.0,T,89.39,1.0,['R'],C,89.77000000000001
GOOG,2023-01-03 09:00:00.014036+00:00,K,89.49,1.0,T,89.39,1.0,['R'],C,89.44
GOOG,2023-01-03 09:00:00.014106+00:00,K,89.4,5.0,T,89.39,1.0,['R'],C,89.39500000000001
GOOG,2023-01-03 09:00:00.014167+00:00,K,89.4,4.0,T,89.39,1.0,['R'],C,89.39500000000001
GOOG,2023-01-03 09:00:00.017471+00:00,K,89.4,5.0,T,89.39,1.0,['R'],C,89.39500000000001
GOOG,2023-01-03 09:00:00.017497+00:00,K,89.4,4.0,T,89.39,1.0,['R'],C,89.39500000000001
GOOG,2023-01-03 09:00:00.017594+00:00,K,89.0,20.0,T,89.39,1.0,['R'],C,89.195
GOOG,2023-01-03 09:00:00.017611+00:00,K,89.0,17.0,T,89.39,1.0,['R'],C,89.195
GOOG,2023-01-03 09:00:00.017637+00:00,K,89.0,11.0,T,89.39,1.0,['R'],C,89.195
GOOG,2023-01-03 09:00:00.017643+00:00,K,89.0,8.0,T,89.39,1.0,['R'],C,89.195
GOOG,2023-01-03 09:00:00.019712+00:00,K,89.0,3.0,T,89.39,1.0,['R'],C,89.195
GOOG,2023-01-03 09:00:00.020945+00:00,K,89.0,3.0,P,89.52,3.0,['R'],C,89.25999999999999
GOOG,2023-01-03 09:00:00.046661+00:00,K,89.4,2.0,P,89.52,3.0,['R'],C,89.46000000000001
GOOG,2023-01-03 09:00:00.046978+00:00,K,89.49,1.0,P,89.52,3.0,['R'],C,89.505
GOOG,2023-01-03 09:00:00.212787+00:00,K,89.88,2.0,P,89.52,3.0,['R'],C,89.69999999999999
GOOG,2023-01-03 09:00:00.520286+00:00,K,89.88,2.0,P,89.52,2.0,['R'],C,89.69999999999999
GOOG,2023-01-03 09:00:00.671491+00:00,P,89.67,2.0,P,89.52,2.0,['R'],C,89.595
GOOG,2023-01-03 09:00:01.260372+00:00,K,89.67,5.0,P,89.52,2.0,['R'],C,89.595
GOOG,2023-01-03 09:00:01.260490+00:00,K,89.67,8.0,P,89.52,2.0,['R'],C,89.595
GOOG,2023-01-03 09:00:01.707418+00:00,K,89.67,8.0,P,89.61,1.0,['R'],C,89.64
GOOG,2023-01-03 09:00:01.808750+00:00,K,89.67,8.0,P,89.52,2.0,['R'],C,89.595
GOOG,2023-01-03 09:00:02.086282+00:00,K,89.67,8.0,P,89.55,1.0,['R'],C,89.61
GOOG,2023-01-03 09:00:07.087020+00:00,K,89.67,8.0,P,89.52,2.0,['R'],C,89.595
GOOG,2023-01-03 09:00:09.284174+00:00,K,89.67,8.0,P,89.55,1.0,['R'],C,89.61
GOOG,2023-01-03 09:00:14.284586+00:00,K,89.67,8.0,P,89.52,2.0,['R'],C,89.595
GOOG,2023-01-03 09:00:17.009700+00:00,K,89.67,8.0,P,89.52,1.0,['R'],C,89.595
GOOG,2023-01-03 09:00:17.025087+00:00,K,89.67,8.0,P,89.54,1.0,['R'],C,89.605
GOOG,2023-01-03 09:00:23.511953+00:00,K,89.67,8.0,P,89.52,1.0,['R'],C,89.595
GOOG,2023-01-03 09:00:26.194219+00:00,K,89.67,8.0,P,89.53,1.0,['R'],C,89.6
GOOG,2023-01-03 09:00:44.217291+00:00,K,89.67,8.0,P,89.54,1.0,['R'],C,89.605
GOOG,2023-01-03 09:00:44.220226+00:00,K,89.67,8.0,P,89.59,1.0,['R'],C,89.63
GOOG,2023-01-03 09:00:44.220608+00:00,K,89.67,8.0,P,89.52,2.0,['R'],C,89.595
GOOG,2023-01-03 09:00:44.220739+00:00,K,89.67,8.0,P,89.52,1.0,['R'],C,89.595
GOOG,2023-01-03 09:00:44.222002+00:00,K,89.67,8.0,P,89.54,1.0,['R'],C,89.605
GOOG,2023-01-03 09:00:47.224702+00:00,K,89.67,8.0,P,89.55,1.0,['R'],C,89.61
GOOG,2023-01-03 09:00:49.225657+00:00,K,89.67,8.0,P,89.56,1.0,['R'],C,89.61500000000001
GOOG,2023-01-03 09:00:57.196640+00:00,K,89.67,8.0,P,89.52,3.0,['R'],C,89.595
GOOG,2023-01-03 09:00:57.203092+00:00,K,89.67,8.0,P,89.53,1.0,['R'],C,89.6
GOOG,2023-01-03 09:00:58.998308+00:00,K,89.67,8.0,P,89.55,1.0,['R'],C,89.61
GOOG,2023-01-03 09:01:02.237343+00:00,K,89.67,8.0,P,89.56,1.0,['R'],C,89.61500000000001
GOOG,2023-01-03 09:01:07.406296+00:00,K,89.67,8.0,P,89.54,1.0,['R'],C,89.605
GOOG,2023-01-03 09:01:07.681807+00:00,K,89.67,8.0,T,89.55,1.0,['R'],C,89.61
GOOG,2023-01-03 09:01:07.788028+00:00,K,89.67,8.0,T,89.56,1.0,['R'],C,89.61500000000001
GOOG,2023-01-03 09:01:09.712468+00:00,K,89.67,5.0,T,89.56,1.0,['R'],C,89.61500000000001
GOOG,2023-01-03 09:01:09.714768+00:00,K,89.67,5.0,P,89.56,1.0,['R'],C,89.61500000000001
GOOG,2023-01-03 09:01:09.720398+00:00,K,89.67,5.0,T,89.55,1.0,['R'],C,89.61
GOOG,2023-01-03 09:01:09.845621+00:00,K,89.67,5.0,T,89.56,1.0,['R'],C,89.61500000000001
GOOG,2023-01-03 09:01:12.075445+00:00,K,89.67,2.0,T,89.56,1.0,['R'],C,89.61500000000001
GOOG,2023-01-03 09:01:12.077739+00:00,K,89.67,2.0,P,89.55,1.0,['R'],C,89.61
GOOG,2023-01-03 09:01:12.740998+00:00,K,89.67,2.0,P,89.56,1.0,['R'],C,89.61500000000001
GOOG,2023-01-03 09:01:14.640244+00:00,P,89.67,2.0,P,89.56,1.0,['R'],C,89.61500000000001
GOOG,2023-01-03 09:01:14.646306+00:00,P,89.67,2.0,P,89.55,1.0,['R'],C,89.61
GOOG,2023-01-03 09:01:17.747232+00:00,P,89.67,2.0,P,89.6,1.0,['R'],C,89.63499999999999
GOOG,2023-01-03 09:01:17.942791+00:00,P,89.78,1.0,P,89.6,1.0,['R'],C,89.69
GOOG,2023-01-03 09:01:17.943326+00:00,P,89.78,1.0,P,89.55,1.0,['R'],C,89.66499999999999
GOOG,2023-01-03 09:01:17.944675+00:00,T,89.82,2.0,P,89.55,1.0,['R'],C,89.685
GOOG,2023-01-03 09:01:18.033768+00:00,T,89.82,1.0,P,89.55,1.0,['R'],C,89.685
GOOG,2023-01-03 09:01:18.190820+00:00,T,89.82,1.0,T,89.53,1.0,['R'],C,89.675
GOOG,2023-01-03 09:01:18.390480+00:00,K,89.88,2.0,T,89.53,1.0,['R'],C,89.705
GOOG,2023-01-03 09:01:18.474362+00:00,K,89.88,2.0,P,89.52,1.0,['R'],C,89.69999999999999
GOOG,2023-01-03 09:01:18.579420+00:00,K,89.88,2.0,T,89.54,1.0,['R'],C,89.71000000000001
GOOG,2023-01-03 09:01:18.797790+00:00,K,89.88,2.0,P,89.52,1.0,['R'],C,89.69999999999999
GOOG,2023-01-03 09:01:18.902584+00:00,K,89.88,2.0,T,89.55,1.0,['R'],C,89.715
GOOG,2023-01-03 09:01:18.998285+00:00,K,89.88,2.0,P,89.52,1.0,['R'],C,89.69999999999999
GOOG,2023-01-03 09:01:23.452404+00:00,K,89.88,2.0,P,89.52,3.0,['R'],C,89.69999999999999
GOOG,2023-01-03 09:01:26.359623+00:00,T,89.82,1.0,P,89.52,3.0,['R'],C,89.66999999999999
GOOG,2023-01-03 09:01:27.352359+00:00,T,89.82,2.0,P,89.52,3.0,['R'],C,89.66999999999999
GOOG,2023-01-03 09:01:27.723723+00:00,T,89.82,1.0,P,89.52,3.0,['R'],C,89.66999999999999
GOOG,2023-01-03 09:01:28.453218+00:00,T,89.82,2.0,P,89.52,3.0,['R'],C,89.66999999999999
GOOG,2023-01-03 09:01:28.663481+00:00,T,89.82,1.0,P,89.52,3.0,['R'],C,89.66999999999999
GOOG,2023-01-03 09:01:29.369247+00:00,T,89.81,1.0,P,89.52,3.0,['R'],C,89.66499999999999
GOOG,2023-01-03 09:01:31.504161+00:00,T,89.82,1.0,P,89.52,3.0,['R'],C,89.66999999999999
GOOG,2023-01-03 09:01:31.504164+00:00,K,89.88,2.0,P,89.52,3.0,['R'],C,89.69999999999999
GOOG,2023-01-03 09:01:31.504188+00:00,K,89.88,2.0,T,89.54,1.0,['R'],C,89.71000000000001
GOOG,2023-01-03 09:01:31.504188+00:00,K,89.88,2.0,T,89.54,2.0,['R'],C,89.71000000000001
GOOG,2023-01-03 09:01:31.504194+00:00,K,89.88,2.0,T,89.66,1.0,['R'],C,89.77
GOOG,2023-01-03 09:01:31.504216+00:00,K,89.88,2.0,T,89.67,1.0,['R'],C,89.775
GOOG,2023-01-03 09:01:31.504239+00:00,K,89.88,2.0,T,89.67,2.0,['R'],C,89.775
GOOG,2023-01-03 09:01:31.504301+00:00,K,89.88,2.0,T,89.67,1.0,['R'],C,89.775
GOOG,2023-01-03 09:01:31.504339+00:00,K,89.88,2.0,T,89.55,3.0,['R'],C,89.715
GOOG,2023-01-03 09:01:31.504361+00:00,K,89.88,2.0,T,89.55,2.0,['R'],C,89.715
GOOG,2023-01-03 09:01:31.504422+00:00,T,89.9,5.0,T,89.55,2.0,['R'],C,89.725
GOOG,2023-01-03 09:01:31.504579+00:00,T,89.9,5.0,T,89.55,1.0,['R'],C,89.725
GOOG,2023-01-03 09:01:31.504711+00:00,T,89.9,5.0,K,89.62,1.0,['R'],C,89.76
GOOG,2023-01-03 09:01:31.504744+00:00,T,89.9,5.0,K,89.62,2.0,['R'],C,89.76
GOOG,2023-01-03 09:01:31.507867+00:00,T,89.9,5.0,P,89.88,10.0,['R'],C,89.89
GOOG,2023-01-03 09:01:31.508079+00:00,T,89.9,5.0,P,89.88,4.0,['R'],C,89.89
GOOG,2023-01-03 09:01:31.508200+00:00,T,89.9,5.0,K,89.62,2.0,['R'],C,89.76
GOOG,2023-01-03 09:01:31.509591+00:00,T,89.9,5.0,K,89.59,1.0,['R'],C,89.745
GOOG,2023-01-03 09:01:31.511860+00:00,T,89.9,5.0,T,89.55,1.0,['R'],C,89.725
GOOG,2023-01-03 09:01:31.524496+00:00,T,89.9,5.0,P,89.52,3.0,['R'],C,89.71000000000001
GOOG,2023-01-03 09:01:31.574916+00:00,T,89.9,2.0,P,89.52,3.0,['R'],C,89.71000000000001
GOOG,2023-01-03 09:01:31.575478+00:00,T,89.9,1.0,P,89.52,3.0,['R'],C,89.71000000000001
GOOG,2023-01-03 09:01:31.575946+00:00,T,89.9,1.0,T,89.6,1.0,['R'],C,89.75
GOOG,2023-01-03 09:01:31.576311+00:00,T,90.0,4.0,T,89.6,1.0,['R'],C,89.8
GOOG,2023-01-03 09:01:31.576331+00:00,T,90.0,4.0,T,89.66,1.0,['R'],C,89.83
GOOG,2023-01-03 09:01:31.576333+00:00,T,90.0,4.0,T,89.66,2.0,['R'],C,89.83
GOOG,2023-01-03 09:01:31.576335+00:00,T,90.0,4.0,T,89.77,1.0,['R'],C,89.88499999999999
GOOG,2023-01-03 09:01:31.576360+00:00,T,90.0,4.0,T,89.66,5.0,['R'],C,89.83
GOOG,2023-01-03 09:01:31.576368+00:00,T,90.0,4.0,T,89.66,4.0,['R'],C,89.83
GOOG,2023-01-03 09:01:31.576380+00:00,T,90.0,4.0,T,89.66,3.0,['R'],C,89.83
GOOG,2023-01-03 09:01:31.576382+00:00,T,90.0,4.0,T,89.66,2.0,['R'],C,89.83
GOOG,2023-01-03 09:01:31.576384+00:00,T,90.0,4.0,T,89.66,1.0,['R'],C,89.83
GOOG,2023-01-03 09:01:31.576759+00:00,T,90.0,4.0,K,89.66,2.0,['R'],C,89.83
GOOG,2023-01-03 09:01:31.576774+00:00,T,90.0,4.0,T,89.66,1.0,['R'],C,89.83
GOOG,2023-01-03 09:01:31.596349+00:00,T,90.0,4.0,P,89.52,3.0,['R'],C,89.75999999999999
GOOG,2023-01-03 09:01:31.635451+00:00,T,90.0,4.0,T,89.61,1.0,['R'],C,89.805
GOOG,2023-01-03 09:01:31.635474+00:00,T,90.0,4.0,P,89.52,3.0,['R'],C,89.75999999999999
GOOG,2023-01-03 09:01:31.635581+00:00,T,90.0,4.0,P,89.61,1.0,['R'],C,89.805
GOOG,2023-01-03 09:01:31.635647+00:00,T,90.0,4.0,P,89.52,3.0,['R'],C,89.75999999999999
GOOG,2023-01-03 09:01:31.635661+00:00,T,90.0,4.0,K,89.61,1.0,['R'],C,89.805
GOOG,2023-01-03 09:01:31.640682+00:00,T,90.0,4.0,P,89.52,3.0,['R'],C,89.75999999999999
GOOG,2023-01-03 09:01:31.677362+00:00,T,89.99,1.0,P,89.52,3.0,['R'],C,89.755
GOOG,2023-01-03 09:01:31.965513+00:00,T,89.99,1.0,T,89.53,1.0,['R'],C,89.75999999999999
GOOG,2023-01-03 09:01:32.017810+00:00,T,89.99,1.0,T,89.58,1.0,['R'],C,89.785
GOOG,2023-01-03 09:01:32.120854+00:00,T,89.99,1.0,T,89.59,1.0,['R'],C,89.78999999999999
GOOG,2023-01-03 09:01:32.356724+00:00,T,89.99,1.0,P,89.52,3.0,['R'],C,89.755
GOOG,2023-01-03 09:01:32.356736+00:00,T,89.99,1.0,T,89.53,1.0,['R'],C,89.75999999999999
GOOG,2023-01-03 09:01:33.714640+00:00,T,89.99,1.0,K,89.54,4.0,['R'],C,89.765
GOOG,2023-01-03 09:01:34.205087+00:00,T,89.99,1.0,T,89.53,1.0,['R'],C,89.75999999999999
GOOG,2023-01-03 09:01:35.258113+00:00,T,89.99,1.0,T,89.58,1.0,['R'],C,89.785
GOOG,2023-01-03 09:01:35.358705+00:00,T,89.99,1.0,T,89.59,1.0,['R'],C,89.78999999999999
GOOG,2023-01-03 09:01:35.856957+00:00,T,89.99,1.0,T,89.58,1.0,['R'],C,89.785
GOOG,2023-01-03 09:01:35.856970+00:00,T,89.99,1.0,T,89.58,2.0,['R'],C,89.785
GOOG,2023-01-03 09:01:35.859296+00:00,T,89.99,1.0,T,89.58,1.0,['R'],C,89.785
GOOG,2023-01-03 09:01:35.864021+00:00,T,89.99,1.0,P,89.52,3.0,['R'],C,89.755
GOOG,2023-01-03 09:01:35.864034+00:00,T,89.99,1.0,T,89.53,1.0,['R'],C,89.75999999999999
GOOG,2023-01-03 09:01:40.320086+00:00,T,89.99,1.0,T,89.58,1.0,['R'],C,89.785
GOOG,2023-01-03 09:01:40.428700+00:00,T,89.99,1.0,T,89.59,1.0,['R'],C,89.78999999999999
GOOG,2023-01-03 09:01:42.859377+00:00,T,89.99,1.0,T,89.58,1.0,['R'],C,89.785
GOOG,2023-01-03 09:01:42.859390+00:00,T,89.99,1.0,T,89.58,2.0,['R'],C,89.785
GOOG,2023-01-03 09:01:43.085053+00:00,T,89.99,1.0,T,89.58,1.0,['R'],C,89.785
GOOG,2023-01-03 09:01:43.194014+00:00,T,89.99,1.0,T,89.59,1.0,['R'],C,89.78999999999999
GOOG,2023-01-03 09:01:44.584197+00:00,T,89.99,1.0,P,89.52,3.0,['R'],C,89.755
GOOG,2023-01-03 09:01:44.584210+00:00,T,89.99,1.0,T,89.53,1.0,['R'],C,89.75999999999999
GOOG,2023-01-03 09:01:44.689055+00:00,T,89.99,1.0,T,89.59,1.0,['R'],C,89.78999999999999
GOOG,2023-01-03 09:01:44.896081+00:00,T,89.99,1.0,P,89.52,3.0,['R'],C,89.755
GOOG,2023-01-03 09:01:44.896093+00:00,T,89.99,1.0,T,89.53,1.0,['R'],C,89.75999999999999
GOOG,2023-01-03 09:01:50.133486+00:00,T,89.99,1.0,P,89.52,4.0,['R'],C,89.755
GOOG,2023-01-03 09:01:50.677290+00:00,T,89.99,1.0,P,89.52,3.0,['R'],C,89.755
GOOG,2023-01-03 09:01:50.677411+00:00,T,89.99,1.0,P,89.52,4.0,['R'],C,89.755
GOOG,2023-01-03 09:01:50.905016+00:00,T,89.99,1.0,T,89.53,1.0,['R'],C,89.75999999999999
GOOG,2023-01-03 09:01:50.930451+00:00,T,89.99,1.0,T,89.58,1.0,['R'],C,89.785
GOOG,2023-01-03 09:01:51.032528+00:00,T,89.99,1.0,T,89.59,1.0,['R'],C,89.78999999999999
GOOG,2023-01-03 09:01:51.581882+00:00,T,89.99,1.0,P,89.52,4.0,['R'],C,89.755
GOOG,2023-01-03 09:01:51.747264+00:00,T,89.99,1.0,T,89.53,1.0,['R'],C,89.75999999999999
GOOG,2023-01-03 09:01:54.269443+00:00,T,89.99,1.0,P,89.52,3.0,['R'],C,89.755
GOOG,2023-01-03 09:01:55.010410+00:00,T,89.99,1.0,T,89.53,1.0,['R'],C,89.75999999999999
GOOG,2023-01-03 09:02:00.128771+00:00,T,89.99,1.0,T,89.58,1.0,['R'],C,89.785
GOOG,2023-01-03 09:02:00.238686+00:00,T,89.99,1.0,T,89.59,1.0,['R'],C,89.78999999999999
GOOG,2023-01-03 09:02:06.087530+00:00,T,89.99,1.0,T,89.58,1.0,['R'],C,89.785
GOOG,2023-01-03 09:02:06.087542+00:00,T,89.99,1.0,T,89.58,2.0,['R'],C,89.785
GOOG,2023-01-03 09:02:06.098747+00:00,T,89.99,1.0,T,89.58,1.0,['R'],C,89.785
GOOG,2023-01-03 09:02:06.238601+00:00,T,89.99,1.0,P,89.52,3.0,['R'],C,89.755
GOOG,2023-01-03 09:02:06.238614+00:00,T,89.99,1.0,T,89.53,1.0,['R'],C,89.75999999999999
GOOG,2023-01-03 09:02:12.997656+00:00,T,89.99,1.0,T,89.58,1.0,['R'],C,89.785
GOOG,2023-01-03 09:02:13.156793+00:00,T,89.99,1.0,T,89.59,1.0,['R'],C,89.78999999999999
GOOG,2023-01-03 09:02:13.971581+00:00,T,89.99,1.0,P,89.52,4.0,['R'],C,89.755
GOOG,2023-01-03 09:02:13.971595+00:00,T,89.99,1.0,T,89.53,1.0,['R'],C,89.75999999999999
GOOG,2023-01-03 09:02:14.017136+00:00,T,89.99,1.0,T,89.58,1.0,['R'],C,89.785
GOOG,2023-01-03 09:02:14.146977+00:00,T,89.99,1.0,T,89.59,1.0,['R'],C,89.78999999999999
GOOG,2023-01-03 09:02:14.561133+00:00,T,89.99,1.0,T,89.58,1.0,['R'],C,89.785
GOOG,2023-01-03 09:02:14.561146+00:00,T,89.99,1.0,T,89.58,2.0,['R'],C,89.785
GOOG,2023-01-03 09:02:14.579383+00:00,T,89.99,1.0,T,89.58,1.0,['R'],C,89.785
GOOG,2023-01-03 09:02:14.579583+00:00,T,89.99,1.0,T,89.56,1.0,['R'],C,89.775
GOOG,2023-01-03 09:02:14.580863+00:00,T,89.99,1.0,P,89.52,4.0,['R'],C,89.755
GOOG,2023-01-03 09:02:14.580879+00:00,T,89.99,1.0,T,89.53,1.0,['R'],C,89.75999999999999
GOOG,2023-01-03 09:02:15.100838+00:00,T,89.99,1.0,T,89.58,1.0,['R'],C,89.785
GOOG,2023-01-03 09:02:15.187574+00:00,T,89.99,1.0,T,89.53,1.0,['R'],C,89.75999999999999
GOOG,2023-01-03 09:02:15.202557+00:00,T,89.99,1.0,T,89.54,1.0,['R'],C,89.765
GOOG,2023-01-03 09:02:15.237947+00:00,T,89.99,1.0,T,89.58,1.0,['R'],C,89.785
GOOG,2023-01-03 09:02:15.281159+00:00,T,89.99,1.0,P,89.52,3.0,['R'],C,89.755
GOOG,2023-01-03 09:02:15.281172+00:00,T,89.99,1.0,T,89.53,1.0,['R'],C,89.75999999999999
GOOG,2023-01-03 09:02:15.288369+00:00,T,89.99,1.0,T,89.58,1.0,['R'],C,89.785
GOOG,2023-01-03 09:02:15.612821+00:00,T,89.99,1.0,T,89.59,1.0,['R'],C,89.78999999999999
GOOG,2023-01-03 09:02:15.719691+00:00,T,89.99,1.0,T,89.58,1.0,['R'],C,89.785
GOOG,2023-01-03 09:02:15.951830+00:00,T,89.99,1.0,T,89.58,2.0,['R'],C,89.785
GOOG,2023-01-03 09:02:16.510480+00:00,T,89.99,1.0,K,89.59,4.0,['R'],C,89.78999999999999
GOOG,2023-01-03 09:02:20.134595+00:00,T,89.99,1.0,T,89.7,1.0,['R'],C,89.845
GOOG,2023-01-03 09:02:20.239007+00:00,T,89.99,1.0,T,89.71,1.0,['R'],C,89.85
GOOG,2023-01-03 09:02:21.342212+00:00,T,89.99,1.0,T,89.7,1.0,['R'],C,89.845
GOOG,2023-01-03 09:02:22.244181+00:00,T,89.99,1.0,T,89.66,1.0,['R'],C,89.82499999999999
GOOG,2023-01-03 09:02:22.244535+00:00,T,89.99,1.0,T,89.65,1.0,['R'],C,89.82
GOOG,2023-01-03 09:02:22.250686+00:00,T,89.99,1.0,T,89.58,1.0,['R'],C,89.785
GOOG,2023-01-03 09:02:22.250699+00:00,T,89.99,1.0,T,89.59,1.0,['R'],C,89.78999999999999
GOOG,2023-01-03 09:02:22.253042+00:00,T,89.99,1.0,T,89.58,1.0,['R'],C,89.785
GOOG,2023-01-03 09:02:22.454398+00:00,T,89.99,1.0,T,89.58,2.0,['R'],C,89.785
GOOG,2023-01-03 09:02:25.254601+00:00,T,89.99,1.0,T,89.58,1.0,['R'],C,89.785
GOOG,2023-01-03 09:02:25.369347+00:00,T,89.99,1.0,T,89.58,2.0,['R'],C,89.785
GOOG,2023-01-03 09:02:27.658366+00:00,P,89.96,1.0,T,89.58,2.0,['R'],C,89.77
GOOG,2023-01-03 09:02:27.658550+00:00,P,89.96,1.0,P,89.64,1.0,['R'],C,89.8
GOOG,2023-01-03 09:02:27.716470+00:00,P,89.96,1.0,P,89.68,1.0,['R'],C,89.82
GOOG,2023-01-03 09:02:28.298585+00:00,P,89.96,1.0,P,89.64,1.0,['R'],C,89.8
GOOG,2023-01-03 09:02:28.304641+00:00,P,89.96,1.0,P,89.66,1.0,['R'],C,89.81
GOOG,2023-01-03 09:02:32.702401+00:00,P,89.96,1.0,P,89.68,1.0,['R'],C,89.82
GOOG,2023-01-03 09:02:38.231327+00:00,T,89.99,1.0,P,89.68,1.0,['R'],C,89.83500000000001
GOOG,2023-01-03 09:02:38.238032+00:00,P,89.95,1.0,P,89.68,1.0,['R'],C,89.815
GOOG,2023-01-03 09:02:38.288066+00:00,T,89.99,1.0,P,89.68,1.0,['R'],C,89.83500000000001
GOOG,2023-01-03 09:02:38.320773+00:00,P,89.96,1.0,P,89.68,1.0,['R'],C,89.82
GOOG,2023-01-03 09:02:39.911038+00:00,T,89.99,1.0,P,89.68,1.0,['R'],C,89.83500000000001
GOOG,2023-01-03 09:02:40.147790+00:00,T,89.99,1.0,P,89.66,1.0,['R'],C,89.82499999999999
GOOG,2023-01-03 09:02:40.150634+00:00,T,89.99,1.0,P,89.68,1.0,['R'],C,89.83500000000001
GOOG,2023-01-03 09:02:45.278582+00:00,T,89.99,1.0,P,89.66,1.0,['R'],C,89.82499999999999
GOOG,2023-01-03 09:02:45.281005+00:00,T,89.99,1.0,P,89.69,1.0,['R'],C,89.84
GOOG,2023-01-03 09:02:48.337724+00:00,T,89.99,1.0,P,89.69,2.0,['R'],C,89.84
GOOG,2023-01-03 09:02:50.281006+00:00,T,89.99,1.0,P,89.69,1.0,['R'],C,89.84
GOOG,2023-01-03 09:02:50.287910+00:00,T,89.99,1.0,P,89.7,1.0,['R'],C,89.845
GOOG,2023-01-03 09:02:55.335356+00:00,T,89.99,1.0,P,89.69,1.0,['R'],C,89.84
GOOG,2023-01-03 09:02:55.338204+00:00,T,89.99,1.0,P,89.71,1.0,['R'],C,89.85
GOOG,2023-01-03 09:03:01.978653+00:00,T,89.99,1.0,P,89.69,1.0,['R'],C,89.84
GOOG,2023-01-03 09:03:01.982384+00:00,T,89.99,1.0,P,89.72,1.0,['R'],C,89.85499999999999
GOOG,2023-01-03 09:03:07.458169+00:00,T,89.99,1.0,P,89.69,1.0,['R'],C,89.84
GOOG,2023-01-03 09:03:07.500033+00:00,T,89.99,1.0,P,89.71,1.0,['R'],C,89.85
GOOG,2023-01-03 09:03:12.499178+00:00,T,89.99,1.0,P,89.69,1.0,['R'],C,89.84
GOOG,2023-01-03 09:03:12.501837+00:00,T,89.99,1.0,P,89.72,1.0,['R'],C,89.85499999999999
GOOG,2023-01-03 09:03:13.329646+00:00,T,89.99,1.0,P,89.75,1.0,['R'],C,89.87
GOOG,2023-01-03 09:03:17.526660+00:00,T,89.99,1.0,P,89.76,1.0,['R'],C,89.875
GOOG,2023-01-03 09:03:23.758890+00:00,T,89.99,1.0,P,89.75,1.0,['R'],C,89.87
GOOG,2023-01-03 09:03:23.761849+00:00,T,89.99,1.0,P,89.78,1.0,['R'],C,89.88499999999999
GOOG,2023-01-03 09:03:28.761015+00:00,T,89.99,1.0,T,89.77,1.0,['R'],C,89.88
GOOG,2023-01-03 09:03:28.803506+00:00,T,89.99,1.0,P,89.81,1.0,['R'],C,89.9
GOOG,2023-01-03 09:03:33.802606+00:00,T,89.99,1.0,P,89.78,1.0,['R'],C,89.88499999999999
GOOG,2023-01-03 09:03:33.810875+00:00,T,89.99,1.0,P,89.82,1.0,['R'],C,89.905
GOOG,2023-01-03 09:03:38.805302+00:00,T,89.99,1.0,P,89.78,1.0,['R'],C,89.88499999999999
GOOG,2023-01-03 09:03:38.846811+00:00,T,89.99,1.0,P,89.84,1.0,['R'],C,89.91499999999999
GOOG,2023-01-03 09:03:48.267536+00:00,T,89.99,1.0,P,89.81,1.0,['R'],C,89.9
GOOG,2023-01-03 09:03:48.270354+00:00,T,89.99,1.0,P,89.85,1.0,['R'],C,89.91999999999999
GOOG,2023-01-03 09:03:53.270699+00:00,T,89.99,1.0,P,89.81,1.0,['R'],C,89.9
GOOG,2023-01-03 09:03:53.273567+00:00,T,89.99,1.0,P,89.9,1.0,['R'],C,89.945
GOOG,2023-01-03 09:03:54.095186+00:00,T,89.99,1.0,P,89.81,1.0,['R'],C,89.9
GOOG,2023-01-03 09:03:54.097882+00:00,T,89.99,1.0,T,89.77,1.0,['R'],C,89.88
GOOG,2023-01-03 09:03:55.318815+00:00,T,89.99,1.0,T,89.82,1.0,['R'],C,89.905
GOOG,2023-01-03 09:03:55.419383+00:00,T,89.99,1.0,T,89.83,1.0,['R'],C,89.91
GOOG,2023-01-03 09:03:56.576637+00:00,T,89.99,1.0,T,89.76,1.0,['R'],C,89.875
GOOG,2023-01-03 09:03:56.576651+00:00,T,89.99,1.0,T,89.77,1.0,['R'],C,89.88
GOOG,2023-01-03 09:03:56.774977+00:00,T,89.99,1.0,P,89.9,1.0,['R'],C,89.945
GOOG,2023-01-03 09:04:08.937723+00:00,T,89.99,1.0,P,89.86,1.0,['R'],C,89.925
GOOG,2023-01-03 09:04:08.979580+00:00,T,89.99,1.0,P,89.91,1.0,['R'],C,89.94999999999999
GOOG,2023-01-03 09:04:36.767810+00:00,T,89.99,1.0,P,89.86,1.0,['R'],C,89.925
GOOG,2023-01-03 09:04:36.790080+00:00,T,89.99,1.0,P,89.91,1.0,['R'],C,89.94999999999999
GOOG,2023-01-03 09:04:39.905661+00:00,T,90.0,4.0,P,89.91,1.0,['R'],C,89.955
GOOG,2023-01-03 09:04:39.905673+00:00,T,90.0,5.0,P,89.91,1.0,['R'],C,89.955
GOOG,2023-01-03 09:04:45.494085+00:00,T,90.0,4.0,P,89.91,1.0,['R'],C,89.955
GOOG,2023-01-03 09:04:45.499227+00:00,T,90.0,4.0,T,89.93,1.0,['R'],C,89.965
GOOG,2023-01-03 09:04:47.081373+00:00,T,90.0,4.0,P,89.91,1.0,['R'],C,89.955
GOOG,2023-01-03 09:04:48.522006+00:00,T,90.0,2.0,P,89.91,1.0,['R'],C,89.955
GOOG,2023-01-03 09:04:48.527653+00:00,T,90.0,2.0,T,89.92,1.0,['R'],C,89.96000000000001
GOOG,2023-01-03 09:04:48.560409+00:00,T,90.0,2.0,P,89.91,1.0,['R'],C,89.955
GOOG,2023-01-03 09:04:50.038357+00:00,T,90.0,2.0,T,89.93,1.0,['R'],C,89.965
GOOG,2023-01-03 09:04:50.038427+00:00,T,90.0,2.0,P,89.91,1.0,['R'],C,89.955
GOOG,2023-01-03 09:04:50.038491+00:00,T,90.0,2.0,P,89.93,1.0,['R'],C,89.965
GOOG,2023-01-03 09:04:50.038587+00:00,T,90.0,2.0,P,89.91,1.0,['R'],C,89.955
GOOG,2023-01-03 09:04:50.038592+00:00,T,90.0,2.0,K,89.93,1.0,['R'],C,89.965
GOOG,2023-01-03 09:04:50.043645+00:00,T,90.0,2.0,P,89.91,1.0,['R'],C,89.955
GOOG,2023-01-03 09:04:50.103686+00:00,K,90.0,1.0,P,89.91,1.0,['R'],C,89.955
GOOG,2023-01-03 09:04:53.360098+00:00,K,90.0,1.0,T,89.95,1.0,['R'],C,89.975
GOOG,2023-01-03 09:04:53.401959+00:00,K,90.0,1.0,P,89.86,1.0,['R'],C,89.93
GOOG,2023-01-03 09:04:53.408169+00:00,K,90.0,1.0,P,89.89,1.0,['R'],C,89.945
GOOG,2023-01-03 09:04:53.541292+00:00,K,90.0,1.0,P,89.89,2.0,['R'],C,89.945
GOOG,2023-01-03 09:04:53.541652+00:00,K,90.0,1.0,T,89.95,1.0,['R'],C,89.975
GOOG,2023-01-03 09:04:53.647773+00:00,K,90.0,1.0,T,89.95,2.0,['R'],C,89.975
GOOG,2023-01-03 09:04:53.667580+00:00,K,90.0,1.0,T,89.95,1.0,['R'],C,89.975
GOOG,2023-01-03 09:04:53.673110+00:00,T,89.96,1.0,T,89.95,1.0,['R'],C,89.955
GOOG,2023-01-03 09:04:53.675121+00:00,T,89.96,1.0,P,89.89,2.0,['R'],C,89.925
GOOG,2023-01-03 09:04:53.675786+00:00,K,90.0,1.0,P,89.89,2.0,['R'],C,89.945
GOOG,2023-01-03 09:04:53.675806+00:00,K,90.0,1.0,T,89.92,1.0,['R'],C,89.96000000000001
GOOG,2023-01-03 09:04:53.675812+00:00,K,90.0,1.0,T,89.92,2.0,['R'],C,89.96000000000001
GOOG,2023-01-03 09:04:53.675812+00:00,K,90.0,1.0,T,89.92,3.0,['R'],C,89.96000000000001
GOOG,2023-01-03 09:04:53.675814+00:00,K,90.0,1.0,T,89.92,4.0,['R'],C,89.96000000000001
GOOG,2023-01-03 09:04:53.675860+00:00,K,90.0,1.0,T,89.92,3.0,['R'],C,89.96000000000001
GOOG,2023-01-03 09:04:53.675864+00:00,K,90.0,1.0,T,89.92,2.0,['R'],C,89.96000000000001
GOOG,2023-01-03 09:04:53.675875+00:00,K,90.0,1.0,T,89.92,1.0,['R'],C,89.96000000000001
GOOG,2023-01-03 09:04:53.676295+00:00,K,90.0,1.0,K,89.92,2.0,['R'],C,89.96000000000001
GOOG,2023-01-03 09:04:53.676348+00:00,K,90.0,1.0,T,89.92,1.0,['R'],C,89.96000000000001
GOOG,2023-01-03 09:04:53.676770+00:00,K,90.0,1.0,T,89.95,1.0,['R'],C,89.975
GOOG,2023-01-03 09:04:53.677859+00:00,K,90.0,1.0,K,89.92,1.0,['R'],C,89.96000000000001
GOOG,2023-01-03 09:04:53.677894+00:00,K,90.0,1.0,T,89.95,1.0,['R'],C,89.975
GOOG,2023-01-03 09:04:53.678398+00:00,K,90.0,1.0,K,89.92,1.0,['R'],C,89.96000000000001
GOOG,2023-01-03 09:04:53.678434+00:00,K,90.0,1.0,T,89.95,1.0,['R'],C,89.975
GOOG,2023-01-03 09:04:57.569585+00:00,K,90.0,1.0,T,89.95,2.0,['R'],C,89.975
GOOG,2023-01-03 09:04:58.216548+00:00,K,90.0,1.0,T,89.95,1.0,['R'],C,89.975
GOOG,2023-01-03 09:04:59.919748+00:00,K,90.0,1.0,T,89.95,2.0,['R'],C,89.975
GOOG,2023-01-03 09:05:04.975629+00:00,K,90.0,1.0,T,89.95,1.0,['R'],C,89.975
GOOG,2023-01-03 09:05:05.093955+00:00,K,90.0,1.0,T,89.94,1.0,['R'],C,89.97
GOOG,2023-01-03 09:05:05.135661+00:00,K,90.0,1.0,P,89.92,1.0,['R'],C,89.96000000000001
GOOG,2023-01-03 09:05:05.948835+00:00,P,90.06,1.0,P,89.92,1.0,['R'],C,89.99000000000001
GOOG,2023-01-03 09:05:05.949580+00:00,P,90.06,1.0,K,89.97,1.0,['R'],C,90.015
GOOG,2023-01-03 09:05:10.176987+00:00,P,90.06,1.0,P,89.93,1.0,['R'],C,89.995
GOOG,2023-01-03 09:05:10.200977+00:00,P,90.06,1.0,T,89.98,1.0,['R'],C,90.02000000000001
GOOG,2023-01-03 09:05:10.699733+00:00,P,90.06,1.0,T,89.94,1.0,['R'],C,90.0
GOOG,2023-01-03 09:05:10.708346+00:00,P,90.06,1.0,P,89.93,1.0,['R'],C,89.995
GOOG,2023-01-03 09:05:14.707348+00:00,K,90.08,1.0,P,89.93,1.0,['R'],C,90.005
GOOG,2023-01-03 09:05:14.961413+00:00,K,90.08,1.0,P,89.92,1.0,['R'],C,90.0
GOOG,2023-01-03 09:05:14.962559+00:00,K,90.08,1.0,T,89.89,1.0,['R'],C,89.985
GOOG,2023-01-03 09:05:14.963243+00:00,K,90.08,1.0,T,89.9,1.0,['R'],C,89.99000000000001
GOOG,2023-01-03 09:05:15.079349+00:00,K,90.08,1.0,T,89.91,1.0,['R'],C,89.995
GOOG,2023-01-03 09:05:15.729810+00:00,K,90.08,1.0,T,89.82,1.0,['R'],C,89.94999999999999
GOOG,2023-01-03 09:05:15.729823+00:00,K,90.08,1.0,T,89.83,1.0,['R'],C,89.955
GOOG,2023-01-03 09:05:15.836305+00:00,K,90.08,1.0,T,89.92,1.0,['R'],C,90.0
GOOG,2023-01-03 09:05:16.016212+00:00,K,90.08,1.0,P,89.98,1.0,['R'],C,90.03
GOOG,2023-01-03 09:05:16.855177+00:00,K,90.08,1.0,T,89.83,1.0,['R'],C,89.955
GOOG,2023-01-03 09:05:17.527972+00:00,K,90.08,1.0,T,89.91,1.0,['R'],C,89.995
GOOG,2023-01-03 09:05:17.628998+00:00,K,90.08,1.0,T,89.92,1.0,['R'],C,90.0
GOOG,2023-01-03 09:05:22.296024+00:00,K,90.08,1.0,T,89.88,1.0,['R'],C,89.97999999999999
GOOG,2023-01-03 09:05:22.296039+00:00,K,90.08,1.0,T,89.89,1.0,['R'],C,89.985
GOOG,2023-01-03 09:05:23.562452+00:00,K,90.08,1.0,T,89.94,1.0,['R'],C,90.00999999999999
GOOG,2023-01-03 09:05:23.562498+00:00,K,90.08,1.0,T,89.89,1.0,['R'],C,89.985
GOOG,2023-01-03 09:05:23.563160+00:00,K,90.08,1.0,K,89.93,1.0,['R'],C,90.005
GOOG,2023-01-03 09:05:33.289958+00:00,K,90.08,1.0,T,89.89,1.0,['R'],C,89.985
GOOG,2023-01-03 09:05:33.290061+00:00,K,90.08,1.0,T,89.94,1.0,['R'],C,90.00999999999999
GOOG,2023-01-03 09:05:33.298463+00:00,K,90.08,1.0,T,89.89,1.0,['R'],C,89.985
GOOG,2023-01-03 09:05:33.298499+00:00,K,90.08,1.0,T,89.94,1.0,['R'],C,90.00999999999999
GOOG,2023-01-03 09:05:33.392671+00:00,K,90.08,1.0,T,89.95,1.0,['R'],C,90.015
GOOG,2023-01-03 09:05:34.480809+00:00,K,90.08,1.0,P,89.96,1.0,['R'],C,90.02
GOOG,2023-01-03 09:05:34.481037+00:00,K,90.08,1.0,T,89.97,1.0,['R'],C,90.025
GOOG,2023-01-03 09:05:34.481078+00:00,K,90.08,1.0,P,89.96,1.0,['R'],C,90.02
GOOG,2023-01-03 09:05:59.013144+00:00,K,90.08,1.0,T,89.88,1.0,['R'],C,89.97999999999999
GOOG,2023-01-03 09:05:59.013306+00:00,K,90.08,1.0,P,89.88,1.0,['R'],C,89.97999999999999
GOOG,2023-01-03 09:05:59.017551+00:00,K,90.08,1.0,K,89.93,1.0,['R'],C,90.005
GOOG,2023-01-03 09:06:00.586236+00:00,K,90.08,1.0,K,89.92,1.0,['R'],C,90.0
GOOG,2023-01-03 09:06:00.634444+00:00,K,90.08,1.0,T,89.89,1.0,['R'],C,89.985
GOOG,2023-01-03 09:06:00.709262+00:00,K,90.08,1.0,T,89.91,1.0,['R'],C,89.995
GOOG,2023-01-03 09:06:00.817373+00:00,K,90.08,1.0,T,89.92,1.0,['R'],C,90.0
GOOG,2023-01-03 09:06:02.017214+00:00,K,90.08,1.0,P,89.93,1.0,['R'],C,90.005
GOOG,2023-01-03 09:06:07.016278+00:00,K,90.08,1.0,T,89.93,1.0,['R'],C,90.005
GOOG,2023-01-03 09:06:07.019157+00:00,K,90.08,1.0,P,89.94,1.0,['R'],C,90.00999999999999
GOOG,2023-01-03 09:06:11.680588+00:00,K,90.08,1.0,T,89.93,1.0,['R'],C,90.005
GOOG,2023-01-03 09:06:12.271517+00:00,K,90.08,1.0,P,89.93,1.0,['R'],C,90.005
GOOG,2023-01-03 09:06:12.621580+00:00,K,90.08,1.0,P,89.92,1.0,['R'],C,90.0
GOOG,2023-01-03 09:06:16.761317+00:00,K,90.08,1.0,P,89.9,1.0,['R'],C,89.99000000000001
GOOG,2023-01-03 09:06:16.763943+00:00,K,90.08,1.0,P,89.93,1.0,['R'],C,90.005
GOOG,2023-01-03 09:06:24.346321+00:00,K,90.08,1.0,T,89.96,1.0,['R'],C,90.02
GOOG,2023-01-03 09:06:24.909144+00:00,K,90.08,1.0,T,89.83,1.0,['R'],C,89.955
GOOG,2023-01-03 09:06:26.118787+00:00,K,90.08,1.0,P,89.67,1.0,['R'],C,89.875
GOOG,2023-01-03 09:06:26.119128+00:00,K,90.08,1.0,P,89.8,1.0,['R'],C,89.94
GOOG,2023-01-03 09:06:26.120357+00:00,K,90.08,1.0,P,89.79,1.0,['R'],C,89.935
GOOG,2023-01-03 09:06:26.124420+00:00,K,90.08,1.0,P,89.89,1.0,['R'],C,89.985
GOOG,2023-01-03 09:06:26.629012+00:00,K,90.08,1.0,P,89.9,1.0,['R'],C,89.99000000000001
GOOG,2023-01-03 09:06:26.639077+00:00,K,90.08,1.0,P,89.89,1.0,['R'],C,89.985
GOOG,2023-01-03 09:06:26.639811+00:00,K,90.08,1.0,P,89.85,1.0,['R'],C,89.965
GOOG,2023-01-03 09:06:26.641378+00:00,K,90.08,1.0,P,89.66,1.0,['R'],C,89.87
GOOG,2023-01-03 09:06:26.641528+00:00,K,90.08,1.0,T,89.59,1.0,['R'],C,89.83500000000001
GOOG,2023-01-03 09:06:26.661262+00:00,K,90.08,1.0,T,89.64,1.0,['R'],C,89.86
GOOG,2023-01-03 09:06:26.770138+00:00,K,90.08,1.0,T,89.65,1.0,['R'],C,89.86500000000001
GOOG,2023-01-03 09:06:26.821303+00:00,K,90.08,1.0,T,89.7,1.0,['R'],C,89.89
GOOG,2023-01-03 09:06:26.929140+00:00,K,90.08,1.0,T,89.71,1.0,['R'],C,89.895
GOOG,2023-01-03 09:06:26.987363+00:00,K,90.08,1.0,T,89.76,1.0,['R'],C,89.92
GOOG,2023-01-03 09:06:27.004479+00:00,K,90.08,1.0,P,89.83,1.0,['R'],C,89.955
GOOG,2023-01-03 09:06:27.005952+00:00,K,90.08,1.0,P,89.85,1.0,['R'],C,89.965
GOOG,2023-01-03 09:06:27.021513+00:00,K,90.08,1.0,T,89.76,1.0,['R'],C,89.92
GOOG,2023-01-03 09:06:27.094490+00:00,K,90.08,1.0,T,89.77,1.0,['R'],C,89.925
GOOG,2023-01-03 09:06:27.237312+00:00,K,90.08,1.0,P,89.82,1.0,['R'],C,89.94999999999999
GOOG,2023-01-03 09:06:27.245795+00:00,K,90.08,1.0,T,89.77,1.0,['R'],C,89.925
GOOG,2023-01-03 09:06:27.766450+00:00,P,90.06,1.0,T,89.77,1.0,['R'],C,89.91499999999999
GOOG,2023-01-03 09:06:27.766619+00:00,P,90.06,1.0,P,89.83,1.0,['R'],C,89.945
GOOG,2023-01-03 09:06:27.775268+00:00,P,90.06,1.0,T,89.77,1.0,['R'],C,89.91499999999999
GOOG,2023-01-03 09:06:27.775318+00:00,K,90.08,1.0,T,89.77,1.0,['R'],C,89.925
GOOG,2023-01-03 09:06:27.992327+00:00,P,90.06,1.0,T,89.77,1.0,['R'],C,89.91499999999999
GOOG,2023-01-03 09:06:27.992359+00:00,P,90.06,1.0,P,89.83,1.0,['R'],C,89.945
GOOG,2023-01-03 09:06:28.002552+00:00,K,90.08,1.0,P,89.83,1.0,['R'],C,89.955
GOOG,2023-01-03 09:06:28.002572+00:00,K,90.08,1.0,T,89.77,1.0,['R'],C,89.925
GOOG,2023-01-03 09:06:28.370373+00:00,K,90.08,1.0,P,89.83,1.0,['R'],C,89.955
GOOG,2023-01-03 09:06:28.370475+00:00,P,90.06,1.0,P,89.83,1.0,['R'],C,89.945
GOOG,2023-01-03 09:06:28.379984+00:00,P,90.06,1.0,T,89.77,1.0,['R'],C,89.91499999999999
GOOG,2023-01-03 09:06:28.380000+00:00,K,90.08,1.0,T,89.77,1.0,['R'],C,89.925
GOOG,2023-01-03 09:06:30.374415+00:00,K,90.08,1.0,P,89.84,1.0,['R'],C,89.96000000000001
GOOG,2023-01-03 09:06:31.178223+00:00,K,90.08,1.0,T,89.77,1.0,['R'],C,89.925
GOOG,2023-01-03 09:06:35.151011+00:00,K,90.08,1.0,T,89.82,1.0,['R'],C,89.94999999999999
GOOG,2023-01-03 09:06:35.258413+00:00,K,90.08,1.0,T,89.83,1.0,['R'],C,89.955
GOOG,2023-01-03 09:06:35.411148+00:00,K,90.08,1.0,K,89.91,1.0,['R'],C,89.995
GOOG,2023-01-03 09:06:36.565615+00:00,T,90.05,20.0,K,89.91,1.0,['R'],C,89.97999999999999
GOOG,2023-01-03 09:06:36.671812+00:00,T,90.04,1.0,K,89.91,1.0,['R'],C,89.975
GOOG,2023-01-03 09:06:38.476922+00:00,T,90.04,1.0,T,89.82,1.0,['R'],C,89.93
GOOG,2023-01-03 09:06:38.551913+00:00,T,90.04,1.0,P,89.52,3.0,['R'],C,89.78
GOOG,2023-01-03 09:06:38.551927+00:00,T,90.04,1.0,T,89.7,1.0,['R'],C,89.87
GOOG,2023-01-03 09:06:38.555824+00:00,T,90.04,1.0,P,89.52,3.0,['R'],C,89.78
GOOG,2023-01-03 09:06:38.650940+00:00,T,90.04,1.0,T,89.64,1.0,['R'],C,89.84
GOOG,2023-01-03 09:06:38.751272+00:00,T,90.04,1.0,T,89.65,1.0,['R'],C,89.845
GOOG,2023-01-03 09:06:39.088273+00:00,T,90.04,1.0,T,89.7,1.0,['R'],C,89.87
GOOG,2023-01-03 09:06:39.193487+00:00,T,90.04,1.0,T,89.71,1.0,['R'],C,89.875
GOOG,2023-01-03 09:06:40.725052+00:00,T,90.04,1.0,K,89.78,1.0,['R'],C,89.91
GOOG,2023-01-03 09:06:41.213459+00:00,T,90.04,1.0,P,89.52,3.0,['R'],C,89.78
GOOG,2023-01-03 09:06:41.214996+00:00,T,90.04,1.0,P,89.7,1.0,['R'],C,89.87
GOOG,2023-01-03 09:06:41.215158+00:00,T,90.04,1.0,P,89.52,3.0,['R'],C,89.78
GOOG,2023-01-03 09:06:41.215383+00:00,T,90.04,1.0,T,89.63,1.0,['R'],C,89.83500000000001
GOOG,2023-01-03 09:06:41.215552+00:00,T,90.04,1.0,P,89.52,3.0,['R'],C,89.78
GOOG,2023-01-03 09:06:41.216084+00:00,T,90.04,1.0,K,89.56,1.0,['R'],C,89.80000000000001
GOOG,2023-01-03 09:06:41.216265+00:00,T,90.04,1.0,P,89.52,3.0,['R'],C,89.78
GOOG,2023-01-03 09:06:41.274553+00:00,T,90.04,1.0,T,89.58,1.0,['R'],C,89.81
GOOG,2023-01-03 09:06:41.380014+00:00,T,90.04,1.0,T,89.59,1.0,['R'],C,89.815
GOOG,2023-01-03 09:06:41.431331+00:00,T,90.04,1.0,K,89.59,4.0,['R'],C,89.815
GOOG,2023-01-03 09:06:41.563605+00:00,T,90.01,20.0,K,89.59,4.0,['R'],C,89.80000000000001
GOOG,2023-01-03 09:06:41.666351+00:00,T,90.0,1.0,K,89.59,4.0,['R'],C,89.795
GOOG,2023-01-03 09:06:42.481492+00:00,T,90.0,1.0,T,89.59,1.0,['R'],C,89.795
GOOG,2023-01-03 09:06:42.482644+00:00,T,90.0,1.0,K,89.65,1.0,['R'],C,89.825
GOOG,2023-01-03 09:06:48.410386+00:00,T,90.0,1.0,T,89.59,1.0,['R'],C,89.795
GOOG,2023-01-03 09:06:54.202477+00:00,T,90.0,1.0,K,89.63,4.0,['R'],C,89.815
GOOG,2023-01-03 09:06:54.850229+00:00,T,90.0,1.0,T,89.64,1.0,['R'],C,89.82
GOOG,2023-01-03 09:06:54.950544+00:00,T,90.0,1.0,T,89.65,1.0,['R'],C,89.825
GOOG,2023-01-03 09:07:05.452561+00:00,T,90.0,1.0,P,89.68,1.0,['R'],C,89.84
GOOG,2023-01-03 09:07:05.462287+00:00,T,90.0,1.0,T,89.65,1.0,['R'],C,89.825
GOOG,2023-01-03 09:07:05.472512+00:00,P,89.97,1.0,T,89.65,1.0,['R'],C,89.81
GOOG,2023-01-03 09:07:05.472628+00:00,P,89.97,1.0,P,89.7,1.0,['R'],C,89.83500000000001
GOOG,2023-01-03 09:07:05.482306+00:00,T,90.0,1.0,P,89.7,1.0,['R'],C,89.85
GOOG,2023-01-03 09:07:05.482314+00:00,T,90.0,1.0,P,89.66,1.0,['R'],C,89.83
GOOG,2023-01-03 09:07:05.667960+00:00,T,90.0,1.0,P,89.69,1.0,['R'],C,89.845
GOOG,2023-01-03 09:07:05.669334+00:00,T,90.0,1.0,T,89.74,1.0,['R'],C,89.87
GOOG,2023-01-03 09:07:05.688396+00:00,P,89.97,1.0,T,89.74,1.0,['R'],C,89.85499999999999
GOOG,2023-01-03 09:07:05.698588+00:00,T,90.0,1.0,T,89.74,1.0,['R'],C,89.87
GOOG,2023-01-03 09:07:05.892362+00:00,P,89.97,1.0,T,89.74,1.0,['R'],C,89.85499999999999
GOOG,2023-01-03 09:07:05.901962+00:00,T,90.0,1.0,T,89.74,1.0,['R'],C,89.87
GOOG,2023-01-03 09:07:06.078954+00:00,T,90.05,20.0,T,89.74,1.0,['R'],C,89.895
GOOG,2023-01-03 09:07:06.078968+00:00,T,90.04,1.0,T,89.74,1.0,['R'],C,89.89
GOOG,2023-01-03 09:07:06.161821+00:00,P,89.97,1.0,T,89.74,1.0,['R'],C,89.85499999999999
GOOG,2023-01-03 09:07:06.171834+00:00,T,90.04,1.0,T,89.74,1.0,['R'],C,89.89
GOOG,2023-01-03 09:07:06.183958+00:00,T,89.99,1.0,T,89.74,1.0,['R'],C,89.865
GOOG,2023-01-03 09:07:06.387890+00:00,T,90.05,20.0,T,89.74,1.0,['R'],C,89.895
GOOG,2023-01-03 09:07:06.387903+00:00,T,90.04,1.0,T,89.74,1.0,['R'],C,89.89
GOOG,2023-01-03 09:07:06.497250+00:00,T,89.98,1.0,T,89.74,1.0,['R'],C,89.86
GOOG,2023-01-03 09:07:06.519569+00:00,P,89.97,1.0,T,89.74,1.0,['R'],C,89.85499999999999
GOOG,2023-01-03 09:07:06.529903+00:00,T,89.98,1.0,T,89.74,1.0,['R'],C,89.86
GOOG,2023-01-03 09:07:06.698289+00:00,T,90.05,20.0,T,89.74,1.0,['R'],C,89.895
GOOG,2023-01-03 09:07:06.698303+00:00,T,90.04,1.0,T,89.74,1.0,['R'],C,89.89
GOOG,2023-01-03 09:07:06.832236+00:00,P,89.97,1.0,T,89.74,1.0,['R'],C,89.85499999999999
GOOG,2023-01-03 09:07:06.841656+00:00,T,90.04,1.0,T,89.74,1.0,['R'],C,89.89
GOOG,2023-01-03 09:07:07.299171+00:00,T,90.04,1.0,T,89.68,1.0,['R'],C,89.86000000000001
GOOG,2023-01-03 09:07:07.302953+00:00,T,90.04,1.0,T,89.64,1.0,['R'],C,89.84
GOOG,2023-01-03 09:07:07.302965+00:00,T,90.04,1.0,T,89.65,1.0,['R'],C,89.845
GOOG,2023-01-03 09:07:08.365141+00:00,T,90.0,1.0,T,89.65,1.0,['R'],C,89.825
GOOG,2023-01-03 09:07:08.467862+00:00,T,89.99,1.0,T,89.65,1.0,['R'],C,89.82
GOOG,2023-01-03 09:07:09.596277+00:00,T,89.99,1.0,P,89.73,1.0,['R'],C,89.86
GOOG,2023-01-03 09:07:09.596901+00:00,T,89.99,1.0,T,89.79,1.0,['R'],C,89.89
GOOG,2023-01-03 09:07:09.615776+00:00,P,89.98,1.0,T,89.79,1.0,['R'],C,89.885
GOOG,2023-01-03 09:07:11.091555+00:00,T,89.99,1.0,T,89.79,1.0,['R'],C,89.89
GOOG,2023-01-03 09:07:11.115187+00:00,P,89.98,1.0,T,89.79,1.0,['R'],C,89.885
GOOG,2023-01-03 09:07:11.160590+00:00,T,89.99,1.0,T,89.79,1.0,['R'],C,89.89
GOOG,2023-01-03 09:07:11.166355+00:00,P,89.97,1.0,T,89.79,1.0,['R'],C,89.88
GOOG,2023-01-03 09:07:13.711516+00:00,T,89.99,1.0,T,89.79,1.0,['R'],C,89.89
GOOG,2023-01-03 09:07:13.714474+00:00,P,89.96,1.0,T,89.79,1.0,['R'],C,89.875
GOOG,2023-01-03 09:07:14.933670+00:00,P,89.96,1.0,P,89.75,1.0,['R'],C,89.85499999999999
GOOG,2023-01-03 09:07:16.015724+00:00,T,89.99,1.0,P,89.75,1.0,['R'],C,89.87
GOOG,2023-01-03 09:07:16.022272+00:00,P,89.95,1.0,P,89.75,1.0,['R'],C,89.85
GOOG,2023-01-03 09:07:20.280899+00:00,T,89.99,1.0,P,89.75,1.0,['R'],C,89.87
GOOG,2023-01-03 09:07:20.281980+00:00,T,89.99,1.0,P,89.74,1.0,['R'],C,89.865
GOOG,2023-01-03 09:07:20.282891+00:00,T,89.99,1.0,T,89.71,1.0,['R'],C,89.85
GOOG,2023-01-03 09:07:22.555910+00:00,T,90.01,20.0,T,89.71,1.0,['R'],C,89.86
GOOG,2023-01-03 09:07:22.555922+00:00,T,90.0,1.0,T,89.71,1.0,['R'],C,89.85499999999999
GOOG,2023-01-03 09:07:24.789540+00:00,T,89.97,20.0,T,89.71,1.0,['R'],C,89.84
GOOG,2023-01-03 09:07:24.899652+00:00,T,89.96,1.0,T,89.71,1.0,['R'],C,89.835
GOOG,2023-01-03 09:07:26.284335+00:00,T,89.96,1.0,P,89.71,1.0,['R'],C,89.835
GOOG,2023-01-03 09:07:26.295263+00:00,T,89.96,1.0,T,89.7,1.0,['R'],C,89.83
GOOG,2023-01-03 09:07:26.417755+00:00,T,89.96,1.0,T,89.7,2.0,['R'],C,89.83
GOOG,2023-01-03 09:07:28.948822+00:00,T,89.96,1.0,T,89.7,1.0,['R'],C,89.83
GOOG,2023-01-03 09:07:29.314548+00:00,T,89.96,1.0,T,89.71,1.0,['R'],C,89.835
GOOG,2023-01-03 09:07:30.819163+00:00,T,89.96,1.0,T,89.64,1.0,['R'],C,89.8
GOOG,2023-01-03 09:07:30.819176+00:00,T,89.96,1.0,T,89.65,1.0,['R'],C,89.805
GOOG,2023-01-03 09:07:30.820062+00:00,T,89.96,1.0,T,89.7,1.0,['R'],C,89.83
GOOG,2023-01-03 09:07:30.925765+00:00,T,89.96,1.0,T,89.71,1.0,['R'],C,89.835
GOOG,2023-01-03 09:07:31.972285+00:00,T,89.96,1.0,T,89.7,1.0,['R'],C,89.83
GOOG,2023-01-03 09:07:31.973131+00:00,T,89.96,1.0,T,89.69,1.0,['R'],C,89.82499999999999
GOOG,2023-01-03 09:07:31.975788+00:00,T,89.96,1.0,T,89.64,1.0,['R'],C,89.8
GOOG,2023-01-03 09:07:31.975803+00:00,T,89.96,1.0,T,89.65,1.0,['R'],C,89.805
GOOG,2023-01-03 09:07:46.224106+00:00,T,89.97,20.0,T,89.65,1.0,['R'],C,89.81
GOOG,2023-01-03 09:07:46.333057+00:00,T,89.96,1.0,T,89.65,1.0,['R'],C,89.805
GOOG,2023-01-03 09:07:49.280310+00:00,T,89.96,1.0,T,89.58,1.0,['R'],C,89.77
GOOG,2023-01-03 09:07:49.280323+00:00,T,89.96,1.0,T,89.59,1.0,['R'],C,89.775
GOOG,2023-01-03 09:07:49.388894+00:00,T,89.96,1.0,T,89.66,1.0,['R'],C,89.81
GOOG,2023-01-03 09:07:49.477071+00:00,T,89.96,1.0,T,89.58,1.0,['R'],C,89.77
GOOG,2023-01-03 09:07:49.477085+00:00,T,89.96,1.0,T,89.59,1.0,['R'],C,89.775
GOOG,2023-01-03 09:07:49.747807+00:00,T,89.96,1.0,P,89.52,3.0,['R'],C,89.74
GOOG,2023-01-03 09:07:49.747820+00:00,T,89.96,1.0,T,89.53,1.0,['R'],C,89.745
GOOG,2023-01-03 09:07:52.597277+00:00,T,89.96,1.0,T,89.58,1.0,['R'],C,89.77
GOOG,2023-01-03 09:07:52.705531+00:00,T,89.96,1.0,T,89.59,1.0,['R'],C,89.775
GOOG,2023-01-03 09:08:02.584448+00:00,T,89.96,1.0,T,89.64,1.0,['R'],C,89.8
GOOG,2023-01-03 09:08:02.690613+00:00,T,89.96,1.0,T,89.65,1.0,['R'],C,89.805
GOOG,2023-01-03 09:08:03.211655+00:00,T,89.96,1.0,T,89.64,1.0,['R'],C,89.8
GOOG,2023-01-03 09:08:03.211669+00:00,T,89.96,1.0,T,89.64,2.0,['R'],C,89.8
GOOG,2023-01-03 09:08:06.079272+00:00,T,89.96,1.0,T,89.64,1.0,['R'],C,89.8
GOOG,2023-01-03 09:08:06.281353+00:00,T,89.96,1.0,T,89.58,1.0,['R'],C,89.77
GOOG,2023-01-03 09:08:06.281366+00:00,T,89.96,1.0,T,89.59,1.0,['R'],C,89.775
GOOG,2023-01-03 09:08:06.281426+00:00,T,89.96,1.0,T,89.7,1.0,['R'],C,89.83
GOOG,2023-01-03 09:08:06.387490+00:00,T,89.96,1.0,T,89.71,1.0,['R'],C,89.835
GOOG,2023-01-03 09:08:06.507344+00:00,T,89.96,1.0,T,89.7,1.0,['R'],C,89.83
GOOG,2023-01-03 09:08:06.507358+00:00,T,89.96,1.0,T,89.7,2.0,['R'],C,89.83
GOOG,2023-01-03 09:08:06.608135+00:00,T,89.96,1.0,T,89.71,1.0,['R'],C,89.835
GOOG,2023-01-03 09:08:07.005292+00:00,T,89.96,1.0,P,89.73,1.0,['R'],C,89.845
GOOG,2023-01-03 09:08:07.006412+00:00,T,89.96,1.0,P,89.79,1.0,['R'],C,89.875
GOOG,2023-01-03 09:08:07.024803+00:00,T,89.96,1.0,P,89.8,1.0,['R'],C,89.88
GOOG,2023-01-03 09:08:24.051215+00:00,T,89.96,1.0,P,89.74,1.0,['R'],C,89.85
GOOG,2023-01-03 09:08:24.053912+00:00,T,89.96,1.0,P,89.75,1.0,['R'],C,89.85499999999999
GOOG,2023-01-03 09:08:25.334566+00:00,T,89.96,1.0,P,89.75,2.0,['R'],C,89.85499999999999
GOOG,2023-01-03 09:08:25.336576+00:00,T,89.96,1.0,P,89.75,1.0,['R'],C,89.85499999999999
GOOG,2023-01-03 09:08:25.367889+00:00,T,89.96,1.0,P,89.75,2.0,['R'],C,89.85499999999999
GOOG,2023-01-03 09:08:26.337563+00:00,T,89.96,1.0,P,89.75,1.0,['R'],C,89.85499999999999
GOOG,2023-01-03 09:08:29.053539+00:00,T,89.96,1.0,P,89.74,1.0,['R'],C,89.85
GOOG,2023-01-03 09:08:29.056322+00:00,T,89.96,1.0,P,89.83,1.0,['R'],C,89.895
GOOG,2023-01-03 09:08:33.037694+00:00,T,89.97,20.0,P,89.83,1.0,['R'],C,89.9
GOOG,2023-01-03 09:08:35.602859+00:00,P,89.96,1.0,P,89.83,1.0,['R'],C,89.895
GOOG,2023-01-03 09:08:35.692781+00:00,T,89.97,20.0,P,89.83,1.0,['R'],C,89.9
GOOG,2023-01-03 09:08:37.066176+00:00,T,89.97,20.0,P,89.75,1.0,['R'],C,89.86
GOOG,2023-01-03 09:08:37.069118+00:00,T,89.97,20.0,P,89.83,1.0,['R'],C,89.9
GOOG,2023-01-03 09:08:40.675680+00:00,T,89.97,20.0,P,89.75,1.0,['R'],C,89.86
GOOG,2023-01-03 09:08:40.676913+00:00,T,89.97,20.0,P,89.56,1.0,['R'],C,89.765
GOOG,2023-01-03 09:08:40.677074+00:00,T,89.97,20.0,P,89.52,4.0,['R'],C,89.745
GOOG,2023-01-03 09:08:43.130977+00:00,T,89.97,20.0,P,89.69,1.0,['R'],C,89.83
GOOG,2023-01-03 09:08:43.131062+00:00,T,89.97,20.0,P,89.75,1.0,['R'],C,89.86
GOOG,2023-01-03 09:08:43.150276+00:00,T,89.97,20.0,P,89.83,1.0,['R'],C,89.9
GOOG,2023-01-03 09:08:49.313653+00:00,T,89.97,20.0,T,89.78,1.0,['R'],C,89.875
GOOG,2023-01-03 09:08:49.316574+00:00,T,89.97,20.0,P,89.79,1.0,['R'],C,89.88
GOOG,2023-01-03 09:08:54.316983+00:00,T,89.97,20.0,P,89.71,1.0,['R'],C,89.84
GOOG,2023-01-03 09:08:54.321047+00:00,T,89.97,20.0,P,89.8,1.0,['R'],C,89.88499999999999
GOOG,2023-01-03 09:08:55.729928+00:00,T,89.96,1.0,P,89.8,1.0,['R'],C,89.88
GOOG,2023-01-03 09:09:09.102244+00:00,T,89.96,1.0,T,89.77,1.0,['R'],C,89.865
GOOG,2023-01-03 09:09:09.144495+00:00,T,89.96,1.0,P,89.79,1.0,['R'],C,89.875
GOOG,2023-01-03 09:09:20.357693+00:00,T,89.96,1.0,T,89.71,1.0,['R'],C,89.835
GOOG,2023-01-03 09:09:20.399795+00:00,T,89.96,1.0,P,89.76,1.0,['R'],C,89.86
GOOG,2023-01-03 09:09:28.087619+00:00,T,89.96,1.0,T,89.71,1.0,['R'],C,89.835
GOOG,2023-01-03 09:09:28.125231+00:00,T,89.96,1.0,P,89.77,1.0,['R'],C,89.865
GOOG,2023-01-03 09:09:37.417874+00:00,T,89.96,1.0,T,89.75,1.0,['R'],C,89.85499999999999
GOOG,2023-01-03 09:09:37.459036+00:00,T,89.96,1.0,P,89.76,1.0,['R'],C,89.86
GOOG,2023-01-03 09:09:45.688984+00:00,T,89.96,1.0,T,89.75,1.0,['R'],C,89.85499999999999
GOOG,2023-01-03 09:09:45.894339+00:00,T,89.96,1.0,P,89.74,1.0,['R'],C,89.85
GOOG,2023-01-03 09:09:48.596004+00:00,T,89.96,1.0,T,89.74,1.0,['R'],C,89.85
GOOG,2023-01-03 09:09:48.686140+00:00,T,89.96,1.0,P,89.74,1.0,['R'],C,89.85
GOOG,2023-01-03 09:09:48.686238+00:00,T,89.96,1.0,T,89.75,1.0,['R'],C,89.85499999999999
GOOG,2023-01-03 09:09:48.794886+00:00,T,89.96,1.0,T,89.75,2.0,['R'],C,89.85499999999999
GOOG,2023-01-03 09:09:49.541193+00:00,T,89.96,1.0,T,89.75,1.0,['R'],C,89.85499999999999
GOOG,2023-01-03 09:09:49.541228+00:00,T,89.96,1.0,T,89.75,2.0,['R'],C,89.85499999999999
GOOG,2023-01-03 09:09:50.734642+00:00,T,89.96,1.0,P,89.78,1.0,['R'],C,89.87
GOOG,2023-01-03 09:09:53.783828+00:00,T,89.96,1.0,T,89.75,1.0,['R'],C,89.85499999999999
GOOG,2023-01-03 09:09:53.791562+00:00,T,89.96,1.0,P,89.77,1.0,['R'],C,89.865
GOOG,2023-01-03 09:09:53.854493+00:00,T,89.96,1.0,K,89.81,1.0,['R'],C,89.88499999999999
GOOG,2023-01-03 09:09:53.873911+00:00,T,89.96,1.0,P,89.77,1.0,['R'],C,89.865
GOOG,2023-01-03 09:09:55.237314+00:00,T,90.02,20.0,P,89.77,1.0,['R'],C,89.895
GOOG,2023-01-03 09:09:55.237325+00:00,T,90.01,1.0,P,89.77,1.0,['R'],C,89.89
GOOG,2023-01-03 09:09:55.346752+00:00,T,89.95,1.0,P,89.77,1.0,['R'],C,89.86
GOOG,2023-01-03 09:09:55.550420+00:00,T,90.02,20.0,P,89.77,1.0,['R'],C,89.895
GOOG,2023-01-03 09:09:55.550434+00:00,T,90.01,1.0,P,89.77,1.0,['R'],C,89.89
GOOG,2023-01-03 09:09:55.657816+00:00,T,89.95,1.0,P,89.77,1.0,['R'],C,89.86
GOOG,2023-01-03 09:09:55.860489+00:00,T,90.02,20.0,P,89.77,1.0,['R'],C,89.895
GOOG,2023-01-03 09:09:55.860504+00:00,T,90.01,1.0,P,89.77,1.0,['R'],C,89.89
GOOG,2023-01-03 09:09:56.270646+00:00,T,89.95,1.0,P,89.77,1.0,['R'],C,89.86
GOOG,2023-01-03 09:10:05.362612+00:00,T,89.95,1.0,T,89.71,1.0,['R'],C,89.83
GOOG,2023-01-03 09:10:05.388655+00:00,T,89.95,1.0,P,89.78,1.0,['R'],C,89.86500000000001
GOOG,2023-01-03 09:10:07.615714+00:00,T,89.95,1.0,T,89.71,1.0,['R'],C,89.83
GOOG,2023-01-03 09:10:07.616318+00:00,T,89.95,1.0,K,89.75,1.0,['R'],C,89.85
GOOG,2023-01-03 09:10:07.642226+00:00,T,89.95,1.0,P,89.77,1.0,['R'],C,89.86
GOOG,2023-01-03 09:10:15.061652+00:00,T,89.95,1.0,K,89.75,1.0,['R'],C,89.85
GOOG,2023-01-03 09:10:15.284040+00:00,T,89.95,1.0,P,89.78,1.0,['R'],C,89.86500000000001
GOOG,2023-01-03 09:10:21.854948+00:00,T,89.95,1.0,K,89.75,1.0,['R'],C,89.85
GOOG,2023-01-03 09:10:21.855521+00:00,T,89.95,1.0,T,89.71,1.0,['R'],C,89.83
GOOG,2023-01-03 09:10:21.863037+00:00,T,89.95,1.0,P,89.78,1.0,['R'],C,89.86500000000001
GOOG,2023-01-03 09:10:21.921063+00:00,T,89.95,1.0,T,89.71,1.0,['R'],C,89.83
GOOG,2023-01-03 09:10:21.963083+00:00,T,89.95,1.0,P,89.77,1.0,['R'],C,89.86
GOOG,2023-01-03 09:10:27.432614+00:00,P,89.99,1.0,P,89.77,1.0,['R'],C,89.88
GOOG,2023-01-03 09:10:29.631020+00:00,T,89.99,1.0,T,89.76,2.0,['R'],C,89.875
GOOG,2023-01-03 09:10:29.634216+00:00,T,89.99,1.0,P,89.78,1.0,['R'],C,89.88499999999999
GOOG,2023-01-03 09:10:30.003123+00:00,T,89.99,1.0,T,89.76,2.0,['R'],C,89.875
GOOG,2023-01-03 09:10:30.005991+00:00,T,89.99,1.0,P,89.77,1.0,['R'],C,89.88
GOOG,2023-01-03 09:10:35.005431+00:00,T,89.99,1.0,T,89.75,1.0,['R'],C,89.87
GOOG,2023-01-03 09:10:35.006579+00:00,T,89.99,1.0,T,89.75,2.0,['R'],C,89.87
GOOG,2023-01-03 09:10:35.017409+00:00,T,89.99,1.0,P,89.78,1.0,['R'],C,89.88499999999999
GOOG,2023-01-03 09:10:42.312079+00:00,T,89.99,1.0,T,89.79,1.0,['R'],C,89.89
GOOG,2023-01-03 09:10:42.312082+00:00,T,89.99,1.0,T,89.84,1.0,['R'],C,89.91499999999999
GOOG,2023-01-03 09:10:42.312109+00:00,T,89.99,1.0,T,89.79,3.0,['R'],C,89.89
GOOG,2023-01-03 09:10:42.312126+00:00,T,89.99,1.0,T,89.79,2.0,['R'],C,89.89
GOOG,2023-01-03 09:10:42.312133+00:00,T,89.99,1.0,T,89.79,1.0,['R'],C,89.89
GOOG,2023-01-03 09:10:42.332099+00:00,T,89.99,1.0,P,89.78,1.0,['R'],C,89.88499999999999
GOOG,2023-01-03 09:10:51.514025+00:00,T,90.02,1.0,P,89.78,1.0,['R'],C,89.9
GOOG,2023-01-03 09:10:51.514038+00:00,T,90.01,1.0,P,89.78,1.0,['R'],C,89.89500000000001
GOOG,2023-01-03 09:10:54.274704+00:00,T,90.01,1.0,P,89.76,1.0,['R'],C,89.885
GOOG,2023-01-03 09:10:54.315574+00:00,T,90.01,1.0,P,89.78,1.0,['R'],C,89.89500000000001
GOOG,2023-01-03 09:10:54.860238+00:00,T,90.0,1.0,P,89.78,1.0,['R'],C,89.89
GOOG,2023-01-03 09:10:54.964882+00:00,T,89.99,1.0,P,89.78,1.0,['R'],C,89.88499999999999
GOOG,2023-01-03 09:11:03.723648+00:00,P,89.94,1.0,P,89.78,1.0,['R'],C,89.86
GOOG,2023-01-03 09:11:03.951752+00:00,T,89.99,1.0,P,89.78,1.0,['R'],C,89.88499999999999
GOOG,2023-01-03 09:11:03.991949+00:00,P,89.95,1.0,P,89.78,1.0,['R'],C,89.86500000000001
GOOG,2023-01-03 09:11:04.043194+00:00,T,89.99,1.0,P,89.78,1.0,['R'],C,89.88499999999999
GOOG,2023-01-03 09:11:04.198834+00:00,P,89.99,1.0,P,89.78,1.0,['R'],C,89.88499999999999
GOOG,2023-01-03 09:11:09.280536+00:00,T,89.99,1.0,P,89.78,1.0,['R'],C,89.88499999999999
GOOG,2023-01-03 09:11:09.283721+00:00,P,89.94,1.0,P,89.78,1.0,['R'],C,89.86
GOOG,2023-01-03 09:11:09.330904+00:00,T,89.99,1.0,P,89.78,1.0,['R'],C,89.88499999999999
GOOG,2023-01-03 09:11:09.372092+00:00,P,89.95,1.0,P,89.78,1.0,['R'],C,89.86500000000001
GOOG,2023-01-03 09:11:13.906633+00:00,T,89.99,1.0,P,89.78,1.0,['R'],C,89.88499999999999
GOOG,2023-01-03 09:11:19.841444+00:00,P,89.95,1.0,P,89.78,1.0,['R'],C,89.86500000000001
GOOG,2023-01-03 09:11:20.742668+00:00,T,89.99,1.0,P,89.78,1.0,['R'],C,89.88499999999999
GOOG,2023-01-03 09:11:21.552709+00:00,T,90.02,21.0,P,89.78,1.0,['R'],C,89.9
GOOG,2023-01-03 09:11:21.552722+00:00,T,90.01,1.0,P,89.78,1.0,['R'],C,89.89500000000001
GOOG,2023-01-03 09:11:22.031945+00:00,T,90.0,1.0,P,89.78,1.0,['R'],C,89.89
GOOG,2023-01-03 09:11:22.079084+00:00,T,90.01,1.0,P,89.78,1.0,['R'],C,89.89500000000001
GOOG,2023-01-03 09:11:22.133036+00:00,T,89.99,1.0,P,89.78,1.0,['R'],C,89.88499999999999
GOOG,2023-01-03 09:11:22.336253+00:00,T,90.02,21.0,P,89.78,1.0,['R'],C,89.9
GOOG,2023-01-03 09:11:22.336266+00:00,T,90.01,1.0,P,89.78,1.0,['R'],C,89.89500000000001
GOOG,2023-01-03 09:11:22.438651+00:00,T,89.98,1.0,P,89.78,1.0,['R'],C,89.88
GOOG,2023-01-03 09:11:22.539148+00:00,T,90.02,21.0,P,89.78,1.0,['R'],C,89.9
GOOG,2023-01-03 09:11:22.539162+00:00,T,90.01,1.0,P,89.78,1.0,['R'],C,89.89500000000001
GOOG,2023-01-03 09:11:22.642937+00:00,T,89.97,1.0,P,89.78,1.0,['R'],C,89.875
GOOG,2023-01-03 09:11:27.277174+00:00,T,90.0,1.0,P,89.78,1.0,['R'],C,89.89
GOOG,2023-01-03 09:11:27.277188+00:00,T,89.99,1.0,P,89.78,1.0,['R'],C,89.88499999999999
GOOG,2023-01-03 09:11:27.451861+00:00,T,89.99,1.0,P,89.75,1.0,['R'],C,89.87
GOOG,2023-01-03 09:11:27.452644+00:00,P,89.96,1.0,P,89.75,1.0,['R'],C,89.85499999999999
GOOG,2023-01-03 09:11:27.493363+00:00,P,89.96,1.0,P,89.78,1.0,['R'],C,89.87
GOOG,2023-01-03 09:11:29.165566+00:00,T,89.99,1.0,P,89.78,1.0,['R'],C,89.88499999999999
GOOG,2023-01-03 09:11:31.523739+00:00,T,89.99,1.0,T,89.74,1.0,['R'],C,89.865
GOOG,2023-01-03 09:11:31.529666+00:00,T,89.99,1.0,P,89.77,1.0,['R'],C,89.88
GOOG,2023-01-03 09:11:36.529978+00:00,T,89.99,1.0,T,89.74,1.0,['R'],C,89.865
GOOG,2023-01-03 09:11:36.532747+00:00,T,89.99,1.0,P,89.79,1.0,['R'],C,89.89
GOOG,2023-01-03 09:11:38.677596+00:00,T,90.02,1.0,P,89.79,1.0,['R'],C,89.905
GOOG,2023-01-03 09:11:38.677610+00:00,T,90.01,1.0,P,89.79,1.0,['R'],C,89.9
GOOG,2023-01-03 09:11:38.781663+00:00,T,89.98,1.0,P,89.79,1.0,['R'],C,89.885
GOOG,2023-01-03 09:11:38.878299+00:00,T,90.0,1.0,P,89.79,1.0,['R'],C,89.89500000000001
GOOG,2023-01-03 09:11:38.878309+00:00,T,89.99,1.0,P,89.79,1.0,['R'],C,89.89
GOOG,2023-01-03 09:11:38.984286+00:00,T,89.97,1.0,P,89.79,1.0,['R'],C,89.88
GOOG,2023-01-03 09:11:39.190578+00:00,T,90.0,1.0,P,89.79,1.0,['R'],C,89.89500000000001
GOOG,2023-01-03 09:11:39.190593+00:00,T,89.99,1.0,P,89.79,1.0,['R'],C,89.89
GOOG,2023-01-03 09:11:39.292227+00:00,T,89.96,1.0,P,89.79,1.0,['R'],C,89.875
GOOG,2023-01-03 09:11:46.038352+00:00,P,90.0,1.0,P,89.79,1.0,['R'],C,89.89500000000001
GOOG,2023-01-03 09:11:46.038376+00:00,P,90.0,1.0,T,89.86,1.0,['R'],C,89.93
GOOG,2023-01-03 09:11:46.038428+00:00,P,90.0,1.0,P,89.79,1.0,['R'],C,89.89500000000001
GOOG,2023-01-03 09:11:46.040659+00:00,P,90.0,1.0,T,89.78,1.0,['R'],C,89.89
GOOG,2023-01-03 09:11:46.043183+00:00,P,90.0,1.0,P,89.79,1.0,['R'],C,89.89500000000001
GOOG,2023-01-03 09:11:46.106847+00:00,T,90.02,1.0,P,89.79,1.0,['R'],C,89.905
GOOG,2023-01-03 09:11:46.139608+00:00,T,90.01,1.0,P,89.79,1.0,['R'],C,89.9
GOOG,2023-01-03 09:11:47.208558+00:00,T,90.0,1.0,P,89.79,1.0,['R'],C,89.89500000000001
GOOG,2023-01-03 09:11:47.318300+00:00,T,89.99,1.0,P,89.79,1.0,['R'],C,89.89
GOOG,2023-01-03 09:11:47.694739+00:00,T,90.02,1.0,P,89.79,1.0,['R'],C,89.905
GOOG,2023-01-03 09:11:47.694752+00:00,T,90.01,1.0,P,89.79,1.0,['R'],C,89.9
GOOG,2023-01-03 09:11:47.798434+00:00,T,89.98,1.0,P,89.79,1.0,['R'],C,89.885
GOOG,2023-01-03 09:11:47.995289+00:00,T,89.98,1.0,T,89.96,1.0,['R'],C,89.97
GOOG,2023-01-03 09:11:47.995338+00:00,T,89.98,1.0,P,89.79,1.0,['R'],C,89.885
GOOG,2023-01-03 09:11:48.005814+00:00,T,90.02,1.0,P,89.79,1.0,['R'],C,89.905
GOOG,2023-01-03 09:11:48.005827+00:00,T,90.01,1.0,P,89.79,1.0,['R'],C,89.9
GOOG,2023-01-03 09:11:48.113047+00:00,T,89.97,1.0,P,89.79,1.0,['R'],C,89.88
GOOG,2023-01-03 09:11:50.330322+00:00,T,89.97,1.0,K,89.77,1.0,['R'],C,89.87
GOOG,2023-01-03 09:11:50.603962+00:00,T,89.97,1.0,T,89.71,1.0,['R'],C,89.84
GOOG,2023-01-03 09:11:50.686357+00:00,T,89.97,1.0,P,89.79,1.0,['R'],C,89.88
GOOG,2023-01-03 09:11:54.530830+00:00,T,89.96,1.0,P,89.79,1.0,['R'],C,89.875
GOOG,2023-01-03 09:11:54.638203+00:00,T,89.95,1.0,P,89.79,1.0,['R'],C,89.87
GOOG,2023-01-03 09:11:58.652336+00:00,T,89.96,1.0,P,89.79,1.0,['R'],C,89.875
GOOG,2023-01-03 09:12:45.601324+00:00,T,89.96,1.0,T,89.75,2.0,['R'],C,89.85499999999999
GOOG,2023-01-03 09:12:45.604131+00:00,T,89.96,1.0,P,89.8,1.0,['R'],C,89.88
GOOG,2023-01-03 09:12:57.079830+00:00,T,89.96,1.0,P,89.78,1.0,['R'],C,89.87
GOOG,2023-01-03 09:12:57.097161+00:00,T,89.96,1.0,P,89.72,1.0,['R'],C,89.84
GOOG,2023-01-03 09:12:57.097344+00:00,T,89.96,1.0,T,89.77,1.0,['R'],C,89.865
GOOG,2023-01-03 09:12:57.119844+00:00,T,89.96,1.0,P,89.79,1.0,['R'],C,89.875
GOOG,2023-01-03 09:13:02.120051+00:00,T,89.96,1.0,T,89.78,1.0,['R'],C,89.87
GOOG,2023-01-03 09:13:02.131977+00:00,T,89.96,1.0,P,89.82,1.0,['R'],C,89.88999999999999
GOOG,2023-01-03 09:13:06.494592+00:00,T,89.99,1.0,P,89.82,1.0,['R'],C,89.905
GOOG,2023-01-03 09:13:06.494642+00:00,T,89.96,1.0,P,89.82,1.0,['R'],C,89.88999999999999
GOOG,2023-01-03 09:13:06.974387+00:00,T,89.99,1.0,P,89.82,1.0,['R'],C,89.905
GOOG,2023-01-03 09:13:06.974429+00:00,T,89.99,1.0,T,89.85,1.0,['R'],C,89.91999999999999
GOOG,2023-01-03 09:13:06.974584+00:00,P,90.03,1.0,T,89.85,1.0,['R'],C,89.94
GOOG,2023-01-03 09:13:06.974825+00:00,P,90.03,1.0,T,89.88,1.0,['R'],C,89.955
GOOG,2023-01-03 09:13:06.974845+00:00,P,90.03,1.0,T,89.85,1.0,['R'],C,89.94
GOOG,2023-01-03 09:13:06.975353+00:00,P,90.03,1.0,T,89.88,1.0,['R'],C,89.955
GOOG,2023-01-03 09:13:06.976296+00:00,P,90.03,1.0,T,89.85,1.0,['R'],C,89.94
GOOG,2023-01-03 09:13:06.976331+00:00,P,90.03,1.0,T,89.99,1.0,['R'],C,90.00999999999999
GOOG,2023-01-03 09:13:07.042143+00:00,T,90.06,1.0,T,89.99,1.0,['R'],C,90.025
GOOG,2023-01-03 09:13:07.045130+00:00,K,90.08,1.0,T,89.99,1.0,['R'],C,90.035
GOOG,2023-01-03 09:14:09.833163+00:00,T,90.13,1.0,T,89.99,1.0,['R'],C,90.06
GOOG,2023-01-03 09:14:27.512405+00:00,T,90.1,20.0,T,89.99,1.0,['R'],C,90.04499999999999
GOOG,2023-01-03 09:14:27.616453+00:00,T,90.09,1.0,T,89.99,1.0,['R'],C,90.03999999999999
GOOG,2023-01-03 09:15:00.600900+00:00,T,90.14,20.0,T,89.99,1.0,['R'],C,90.065
GOOG,2023-01-03 09:15:00.600914+00:00,T,90.13,1.0,T,89.99,1.0,['R'],C,90.06
GOOG,2023-01-03 09:15:36.536960+00:00,T,90.13,1.0,T,90.0,3.0,['R'],C,90.065
GOOG,2023-01-03 09:15:39.399593+00:00,T,90.1,20.0,T,90.0,3.0,['R'],C,90.05
GOOG,2023-01-03 09:15:39.503756+00:00,T,90.09,1.0,T,90.0,3.0,['R'],C,90.045
GOOG,2023-01-03 09:15:42.311443+00:00,T,90.09,1.0,T,90.0,2.0,['R'],C,90.045
GOOG,2023-01-03 09:15:46.837550+00:00,T,90.09,1.0,T,90.0,1.0,['R'],C,90.045
GOOG,2023-01-03 09:16:34.739777+00:00,T,90.14,20.0,T,90.0,1.0,['R'],C,90.07
GOOG,2023-01-03 09:16:34.739791+00:00,T,90.13,1.0,T,90.0,1.0,['R'],C,90.065
GOOG,2023-01-03 09:16:34.843227+00:00,T,90.09,1.0,T,90.0,1.0,['R'],C,90.045
GOOG,2023-01-03 09:16:35.047857+00:00,T,90.14,20.0,T,90.0,1.0,['R'],C,90.07
GOOG,2023-01-03 09:16:35.047871+00:00,T,90.13,1.0,T,90.0,1.0,['R'],C,90.065
GOOG,2023-01-03 09:16:37.810919+00:00,T,90.13,1.0,P,90.01,1.0,['R'],C,90.07
GOOG,2023-01-03 09:16:44.543481+00:00,T,90.13,1.0,T,90.0,1.0,['R'],C,90.065
GOOG,2023-01-03 09:16:47.065973+00:00,T,90.19,20.0,P,90.0,1.0,['R'],C,90.095
GOOG,2023-01-03 09:16:47.065985+00:00,T,90.18,1.0,P,90.0,1.0,['R'],C,90.09
GOOG,2023-01-03 09:16:47.177015+00:00,T,90.18,1.0,T,90.0,1.0,['R'],C,90.09
GOOG,2023-01-03 09:17:12.170699+00:00,T,90.18,1.0,T,90.07,1.0,['R'],C,90.125
GOOG,2023-01-03 09:17:12.242561+00:00,T,90.19,20.0,T,90.07,1.0,['R'],C,90.13
GOOG,2023-01-03 09:17:38.613752+00:00,T,90.18,1.0,T,90.07,1.0,['R'],C,90.125
GOOG,2023-01-03 09:18:02.082571+00:00,T,90.18,1.0,P,90.09,1.0,['R'],C,90.135
GOOG,2023-01-03 09:18:02.092989+00:00,T,90.18,1.0,T,90.07,1.0,['R'],C,90.125
GOOG,2023-01-03 09:18:16.927735+00:00,T,90.18,1.0,P,90.03,1.0,['R'],C,90.105
GOOG,2023-01-03 09:18:16.927755+00:00,T,90.15,1.0,P,90.03,1.0,['R'],C,90.09
GOOG,2023-01-03 09:18:16.927758+00:00,T,90.15,2.0,P,90.03,1.0,['R'],C,90.09
GOOG,2023-01-03 09:18:16.927762+00:00,T,90.15,3.0,P,90.03,1.0,['R'],C,90.09
GOOG,2023-01-03 09:18:16.927762+00:00,T,90.15,4.0,P,90.03,1.0,['R'],C,90.09
GOOG,2023-01-03 09:18:16.927808+00:00,T,90.15,3.0,P,90.03,1.0,['R'],C,90.09
GOOG,2023-01-03 09:18:16.927809+00:00,T,90.15,2.0,P,90.03,1.0,['R'],C,90.09
GOOG,2023-01-03 09:18:16.927824+00:00,T,90.15,1.0,P,90.03,1.0,['R'],C,90.09
GOOG,2023-01-03 09:18:16.947807+00:00,T,90.18,1.0,P,90.03,1.0,['R'],C,90.105
GOOG,2023-01-03 09:18:17.034808+00:00,T,90.17,1.0,P,90.03,1.0,['R'],C,90.1
GOOG,2023-01-03 09:18:17.151397+00:00,T,90.18,1.0,P,90.03,1.0,['R'],C,90.105
GOOG,2023-01-03 09:18:17.260825+00:00,T,90.17,1.0,P,90.03,1.0,['R'],C,90.1
GOOG,2023-01-03 09:18:17.358160+00:00,T,90.18,1.0,P,90.03,1.0,['R'],C,90.105
GOOG,2023-01-03 09:18:21.774691+00:00,T,90.18,1.0,T,90.0,1.0,['R'],C,90.09
GOOG,2023-01-03 09:18:21.777533+00:00,T,90.18,1.0,P,90.01,1.0,['R'],C,90.095
GOOG,2023-01-03 09:18:28.473046+00:00,T,90.18,1.0,T,90.0,2.0,['R'],C,90.09
GOOG,2023-01-03 09:18:28.514004+00:00,T,90.18,1.0,P,90.02,1.0,['R'],C,90.1
GOOG,2023-01-03 09:18:34.654403+00:00,T,90.18,1.0,T,90.0,2.0,['R'],C,90.09
GOOG,2023-01-03 09:18:35.315878+00:00,T,90.19,20.0,T,90.0,2.0,['R'],C,90.095
GOOG,2023-01-03 09:18:35.315892+00:00,T,90.19,21.0,T,90.0,2.0,['R'],C,90.095
GOOG,2023-01-03 09:18:35.424891+00:00,T,90.18,1.0,T,90.0,2.0,['R'],C,90.09
GOOG,2023-01-03 09:18:35.556648+00:00,T,90.15,20.0,T,90.0,2.0,['R'],C,90.075
GOOG,2023-01-03 09:18:35.657880+00:00,T,90.14,1.0,T,90.0,2.0,['R'],C,90.07
GOOG,2023-01-03 09:18:44.873150+00:00,T,90.14,1.0,P,90.01,1.0,['R'],C,90.075
GOOG,2023-01-03 09:18:50.607802+00:00,T,90.14,1.0,T,90.0,1.0,['R'],C,90.07
GOOG,2023-01-03 09:18:56.655836+00:00,T,90.05,1.0,T,90.0,1.0,['R'],C,90.025
GOOG,2023-01-03 09:19:09.063342+00:00,T,90.05,1.0,T,89.99,1.0,['R'],C,90.02
GOOG,2023-01-03 09:19:12.864077+00:00,T,90.13,1.0,T,89.99,1.0,['R'],C,90.06
GOOG,2023-01-03 09:19:12.864098+00:00,T,90.13,1.0,T,90.01,1.0,['R'],C,90.07
GOOG,2023-01-03 09:19:12.864100+00:00,T,90.13,1.0,T,90.01,2.0,['R'],C,90.07
GOOG,2023-01-03 09:19:12.864103+00:00,T,90.13,1.0,T,90.01,3.0,['R'],C,90.07
GOOG,2023-01-03 09:19:12.864103+00:00,T,90.13,1.0,T,90.01,4.0,['R'],C,90.07
GOOG,2023-01-03 09:19:12.864130+00:00,T,90.13,1.0,T,90.01,3.0,['R'],C,90.07
GOOG,2023-01-03 09:19:12.864132+00:00,T,90.13,1.0,T,90.01,2.0,['R'],C,90.07
GOOG,2023-01-03 09:19:12.864149+00:00,T,90.13,1.0,T,90.01,1.0,['R'],C,90.07
GOOG,2023-01-03 09:19:12.864287+00:00,P,90.14,1.0,T,90.01,1.0,['R'],C,90.075
GOOG,2023-01-03 09:19:12.884144+00:00,P,90.14,1.0,T,89.99,1.0,['R'],C,90.065
GOOG,2023-01-03 09:19:13.277799+00:00,T,90.11,20.0,T,89.99,1.0,['R'],C,90.05
GOOG,2023-01-03 09:19:14.606471+00:00,T,90.1,1.0,T,89.99,1.0,['R'],C,90.04499999999999
GOOG,2023-01-03 09:19:30.637286+00:00,T,90.07,20.0,T,89.99,1.0,['R'],C,90.03
GOOG,2023-01-03 09:19:31.302395+00:00,T,90.06,1.0,T,89.99,1.0,['R'],C,90.025
GOOG,2023-01-03 09:19:33.752512+00:00,T,90.06,1.0,P,89.94,1.0,['R'],C,90.0
GOOG,2023-01-03 09:19:33.752533+00:00,T,90.04,1.0,P,89.94,1.0,['R'],C,89.99000000000001
GOOG,2023-01-03 09:19:33.752585+00:00,T,90.06,1.0,P,89.94,1.0,['R'],C,90.0
GOOG,2023-01-03 09:19:34.479277+00:00,T,90.06,1.0,T,89.89,1.0,['R'],C,89.975
GOOG,2023-01-03 09:19:34.482050+00:00,T,90.06,1.0,P,89.91,1.0,['R'],C,89.985
GOOG,2023-01-03 09:19:39.481129+00:00,T,90.06,1.0,T,89.89,1.0,['R'],C,89.975
GOOG,2023-01-03 09:19:39.521766+00:00,T,90.06,1.0,P,89.93,1.0,['R'],C,89.995
GOOG,2023-01-03 09:19:40.487272+00:00,T,90.06,1.0,T,89.89,1.0,['R'],C,89.975
GOOG,2023-01-03 09:19:40.528892+00:00,T,90.06,1.0,P,89.94,1.0,['R'],C,90.0
GOOG,2023-01-03 09:19:53.496368+00:00,T,90.06,1.0,T,89.89,1.0,['R'],C,89.975
GOOG,2023-01-03 09:19:53.499039+00:00,T,90.06,1.0,P,90.0,1.0,['R'],C,90.03
GOOG,2023-01-03 09:19:56.687062+00:00,T,90.06,1.0,T,89.88,2.0,['R'],C,89.97
GOOG,2023-01-03 09:19:56.695242+00:00,T,90.06,1.0,P,89.94,1.0,['R'],C,90.0
GOOG,2023-01-03 09:19:58.062108+00:00,T,90.06,1.0,T,89.88,2.0,['R'],C,89.97
GOOG,2023-01-03 09:19:58.062500+00:00,T,90.06,1.0,T,89.88,1.0,['R'],C,89.97
GOOG,2023-01-03 09:19:58.064040+00:00,T,89.98,1.0,T,89.88,1.0,['R'],C,89.93
GOOG,2023-01-03 09:19:58.064066+00:00,T,90.03,3.0,T,89.88,1.0,['R'],C,89.955
GOOG,2023-01-03 09:19:58.064082+00:00,T,90.03,2.0,T,89.88,1.0,['R'],C,89.955
GOOG,2023-01-03 09:19:58.064084+00:00,T,90.03,2.0,P,89.52,4.0,['R'],C,89.775
GOOG,2023-01-03 09:19:58.064099+00:00,T,90.03,1.0,P,89.52,4.0,['R'],C,89.775
GOOG,2023-01-03 09:19:58.064396+00:00,T,90.03,1.0,P,89.52,3.0,['R'],C,89.775
GOOG,2023-01-03 09:19:58.064529+00:00,K,90.03,2.0,P,89.52,3.0,['R'],C,89.775
GOOG,2023-01-03 09:19:58.064548+00:00,T,90.03,1.0,P,89.52,3.0,['R'],C,89.775
GOOG,2023-01-03 09:19:58.064841+00:00,T,90.03,1.0,P,89.62,33.0,['R'],C,89.825
GOOG,2023-01-03 09:19:58.064854+00:00,T,90.03,1.0,P,89.93,1.0,['R'],C,89.98
GOOG,2023-01-03 09:19:58.084063+00:00,T,90.06,1.0,P,89.93,1.0,['R'],C,89.995
GOOG,2023-01-03 09:19:58.165366+00:00,T,90.05,1.0,P,89.93,1.0,['R'],C,89.99000000000001
GOOG,2023-01-03 09:19:58.288635+00:00,T,90.06,1.0,P,89.93,1.0,['R'],C,89.995
GOOG,2023-01-03 09:20:08.102807+00:00,T,90.06,1.0,P,89.84,1.0,['R'],C,89.95
GOOG,2023-01-03 09:20:08.103524+00:00,T,90.06,1.0,T,89.82,1.0,['R'],C,89.94
GOOG,2023-01-03 09:20:08.105456+00:00,T,90.06,1.0,P,89.87,1.0,['R'],C,89.965
GOOG,2023-01-03 09:20:15.280218+00:00,T,90.06,1.0,T,89.92,1.0,['R'],C,89.99000000000001
GOOG,2023-01-03 09:20:15.280273+00:00,T,90.06,1.0,T,89.87,3.0,['R'],C,89.965
GOOG,2023-01-03 09:20:15.280287+00:00,T,90.06,1.0,T,89.87,2.0,['R'],C,89.965
GOOG,2023-01-03 09:20:15.280293+00:00,T,90.06,1.0,P,89.87,1.0,['R'],C,89.965
GOOG,2023-01-03 09:20:15.290749+00:00,T,90.06,1.0,T,89.87,1.0,['R'],C,89.965
GOOG,2023-01-03 09:20:15.300266+00:00,T,90.06,1.0,P,89.85,1.0,['R'],C,89.955
GOOG,2023-01-03 09:20:20.770034+00:00,T,90.06,2.0,P,89.85,1.0,['R'],C,89.955
GOOG,2023-01-03 09:20:21.842553+00:00,T,90.06,1.0,P,89.85,1.0,['R'],C,89.955
GOOG,2023-01-03 09:20:21.948032+00:00,T,90.05,1.0,P,89.85,1.0,['R'],C,89.94999999999999
GOOG,2023-01-03 09:20:22.048684+00:00,T,90.06,1.0,P,89.85,1.0,['R'],C,89.955
GOOG,2023-01-03 09:20:23.607014+00:00,T,90.06,1.0,K,89.85,1.0,['R'],C,89.955
GOOG,2023-01-03 09:20:23.647750+00:00,T,90.06,1.0,P,89.86,1.0,['R'],C,89.96000000000001
GOOG,2023-01-03 09:20:23.922685+00:00,P,90.07,1.0,P,89.86,1.0,['R'],C,89.965
GOOG,2023-01-03 09:20:28.648021+00:00,P,90.07,1.0,K,89.85,1.0,['R'],C,89.96
GOOG,2023-01-03 09:20:28.766308+00:00,P,90.07,1.0,P,89.87,1.0,['R'],C,89.97
GOOG,2023-01-03 09:20:32.976205+00:00,T,90.1,1.0,P,89.87,1.0,['R'],C,89.985
GOOG,2023-01-03 09:20:33.650222+00:00,T,90.1,1.0,K,89.85,1.0,['R'],C,89.975
GOOG,2023-01-03 09:20:33.653230+00:00,T,90.1,1.0,P,89.92,1.0,['R'],C,90.00999999999999
GOOG,2023-01-03 09:20:40.550113+00:00,T,90.1,1.0,K,89.85,1.0,['R'],C,89.975
GOOG,2023-01-03 09:20:40.553868+00:00,T,90.1,1.0,P,89.93,1.0,['R'],C,90.015
GOOG,2023-01-03 09:20:46.048790+00:00,T,90.1,1.0,T,89.88,2.0,['R'],C,89.99
GOOG,2023-01-03 09:20:46.068199+00:00,T,90.1,1.0,P,89.92,1.0,['R'],C,90.00999999999999
GOOG,2023-01-03 09:20:53.667756+00:00,T,90.1,1.0,T,89.83,1.0,['R'],C,89.965
GOOG,2023-01-03 09:20:53.668327+00:00,T,90.1,1.0,K,89.88,1.0,['R'],C,89.99
GOOG,2023-01-03 09:21:03.660509+00:00,T,90.1,1.0,P,89.87,1.0,['R'],C,89.985
GOOG,2023-01-03 09:21:09.300190+00:00,T,90.1,1.0,T,89.83,1.0,['R'],C,89.965
GOOG,2023-01-03 09:21:09.303407+00:00,T,90.1,1.0,P,89.86,1.0,['R'],C,89.97999999999999
GOOG,2023-01-03 09:21:14.304026+00:00,T,90.1,1.0,T,89.83,1.0,['R'],C,89.965
GOOG,2023-01-03 09:21:14.345298+00:00,T,90.1,1.0,P,89.88,1.0,['R'],C,89.99
GOOG,2023-01-03 09:21:20.721381+00:00,T,90.1,1.0,T,89.83,1.0,['R'],C,89.965
GOOG,2023-01-03 09:21:20.762836+00:00,T,90.1,1.0,P,89.89,1.0,['R'],C,89.995
GOOG,2023-01-03 09:21:21.689645+00:00,T,90.1,1.0,T,89.92,1.0,['R'],C,90.00999999999999
GOOG,2023-01-03 09:21:21.798729+00:00,T,90.1,1.0,T,89.93,1.0,['R'],C,90.015
GOOG,2023-01-03 09:21:23.728917+00:00,T,90.1,1.0,P,89.89,1.0,['R'],C,89.995
GOOG,2023-01-03 09:21:23.738443+00:00,T,90.1,1.0,P,89.92,1.0,['R'],C,90.00999999999999
GOOG,2023-01-03 09:21:25.803260+00:00,T,90.1,1.0,P,89.93,1.0,['R'],C,90.015
GOOG,2023-01-03 09:21:37.511620+00:00,P,90.07,1.0,P,89.93,1.0,['R'],C,90.0
GOOG,2023-01-03 09:21:40.471760+00:00,P,90.06,1.0,P,89.93,1.0,['R'],C,89.995
GOOG,2023-01-03 09:21:42.252997+00:00,P,90.09,1.0,P,89.93,1.0,['R'],C,90.01
GOOG,2023-01-03 09:21:42.253602+00:00,T,90.1,1.0,P,89.93,1.0,['R'],C,90.015
GOOG,2023-01-03 09:21:46.932372+00:00,T,90.1,1.0,T,89.82,1.0,['R'],C,89.96
GOOG,2023-01-03 09:21:46.935661+00:00,T,90.1,1.0,P,89.9,1.0,['R'],C,90.0
GOOG,2023-01-03 09:21:52.399466+00:00,T,90.1,1.0,T,89.82,1.0,['R'],C,89.96
GOOG,2023-01-03 09:21:52.402046+00:00,T,90.1,1.0,P,89.89,1.0,['R'],C,89.995
GOOG,2023-01-03 09:21:55.467634+00:00,T,90.1,1.0,P,89.89,2.0,['R'],C,89.995
GOOG,2023-01-03 09:21:57.402586+00:00,T,90.1,1.0,P,89.89,1.0,['R'],C,89.995
GOOG,2023-01-03 09:21:57.443848+00:00,T,90.1,1.0,P,89.9,1.0,['R'],C,90.0
GOOG,2023-01-03 09:22:00.057390+00:00,T,90.1,1.0,T,89.91,1.0,['R'],C,90.005
GOOG,2023-01-03 09:22:04.869044+00:00,T,90.1,1.0,P,89.9,1.0,['R'],C,90.0
GOOG,2023-01-03 09:22:04.975509+00:00,T,90.1,1.0,T,89.92,1.0,['R'],C,90.00999999999999
GOOG,2023-01-03 09:22:05.182189+00:00,T,90.1,1.0,P,89.9,1.0,['R'],C,90.0
GOOG,2023-01-03 09:22:05.291751+00:00,T,90.1,1.0,T,89.93,1.0,['R'],C,90.015
GOOG,2023-01-03 09:22:05.492400+00:00,T,90.1,1.0,P,89.9,1.0,['R'],C,90.0
GOOG,2023-01-03 09:22:05.600784+00:00,T,90.1,1.0,T,89.93,1.0,['R'],C,90.015
GOOG,2023-01-03 09:22:11.353610+00:00,T,90.1,1.0,P,89.92,1.0,['R'],C,90.00999999999999
GOOG,2023-01-03 09:22:16.789444+00:00,T,90.1,1.0,P,89.87,1.0,['R'],C,89.985
GOOG,2023-01-03 09:22:16.792141+00:00,T,90.1,1.0,P,89.91,1.0,['R'],C,90.005
GOOG,2023-01-03 09:22:21.792281+00:00,T,90.1,1.0,P,89.87,1.0,['R'],C,89.985
GOOG,2023-01-03 09:22:21.832814+00:00,T,90.1,1.0,P,89.92,1.0,['R'],C,90.00999999999999
GOOG,2023-01-03 09:22:23.954245+00:00,T,90.1,1.0,T,89.93,1.0,['R'],C,90.015
GOOG,2023-01-03 09:22:30.244723+00:00,T,90.1,1.0,P,89.92,1.0,['R'],C,90.00999999999999
GOOG,2023-01-03 09:22:36.384376+00:00,T,90.1,1.0,K,89.89,1.0,['R'],C,89.995
GOOG,2023-01-03 09:22:36.412078+00:00,T,90.1,1.0,P,89.9,1.0,['R'],C,90.0
GOOG,2023-01-03 09:22:39.143545+00:00,T,90.1,1.0,K,89.91,1.0,['R'],C,90.005
GOOG,2023-01-03 09:22:40.294284+00:00,T,90.1,1.0,P,89.9,1.0,['R'],C,90.0
GOOG,2023-01-03 09:22:41.413112+00:00,T,90.1,1.0,T,89.89,1.0,['R'],C,89.995
GOOG,2023-01-03 09:22:41.415864+00:00,T,90.1,1.0,P,89.91,1.0,['R'],C,90.005
GOOG,2023-01-03 09:22:42.052449+00:00,T,90.1,1.0,K,89.92,1.0,['R'],C,90.00999999999999
GOOG,2023-01-03 09:22:44.862818+00:00,T,90.1,1.0,P,89.91,1.0,['R'],C,90.005
GOOG,2023-01-03 09:22:45.314098+00:00,T,90.1,1.0,P,89.91,2.0,['R'],C,90.005
GOOG,2023-01-03 09:22:46.415762+00:00,T,90.1,1.0,P,89.91,1.0,['R'],C,90.005
GOOG,2023-01-03 09:22:46.457970+00:00,T,90.1,1.0,P,89.95,1.0,['R'],C,90.025
GOOG,2023-01-03 09:22:56.553448+00:00,T,90.1,1.0,P,89.95,2.0,['R'],C,90.025
GOOG,2023-01-03 09:22:56.553835+00:00,T,90.1,1.0,P,89.97,1.0,['R'],C,90.035
GOOG,2023-01-03 09:22:56.554019+00:00,T,90.1,1.0,P,89.95,1.0,['R'],C,90.025
GOOG,2023-01-03 09:22:56.554338+00:00,T,90.1,1.0,K,90.02,1.0,['R'],C,90.06
GOOG,2023-01-03 09:22:56.555192+00:00,T,90.1,1.0,T,89.89,1.0,['R'],C,89.995
GOOG,2023-01-03 09:22:56.555354+00:00,T,90.1,1.0,T,89.93,1.0,['R'],C,90.015
GOOG,2023-01-03 09:22:56.557987+00:00,T,90.1,1.0,P,89.92,1.0,['R'],C,90.00999999999999
GOOG,2023-01-03 09:22:56.970327+00:00,T,90.1,1.0,T,89.95,1.0,['R'],C,90.025
GOOG,2023-01-03 09:22:57.172913+00:00,T,90.1,1.0,P,89.92,1.0,['R'],C,90.00999999999999
GOOG,2023-01-03 09:22:57.173748+00:00,T,90.1,1.0,P,89.94,1.0,['R'],C,90.02
GOOG,2023-01-03 09:22:57.273669+00:00,T,90.1,1.0,P,89.92,1.0,['R'],C,90.00999999999999
GOOG,2023-01-03 09:22:57.477056+00:00,T,90.1,1.0,K,89.94,1.0,['R'],C,90.02
GOOG,2023-01-03 09:22:57.577430+00:00,T,90.1,1.0,P,89.92,1.0,['R'],C,90.00999999999999
GOOG,2023-01-03 09:22:57.577721+00:00,T,90.1,1.0,T,89.96,1.0,['R'],C,90.03
GOOG,2023-01-03 09:23:00.253276+00:00,T,90.1,1.0,P,89.92,1.0,['R'],C,90.00999999999999
GOOG,2023-01-03 09:23:00.256040+00:00,T,90.1,1.0,T,89.94,1.0,['R'],C,90.02
GOOG,2023-01-03 09:23:00.363546+00:00,T,90.1,1.0,T,89.94,2.0,['R'],C,90.02
GOOG,2023-01-03 09:23:02.423281+00:00,P,90.18,1.0,T,89.94,2.0,['R'],C,90.06
GOOG,2023-01-03 09:23:02.423295+00:00,T,90.17,1.0,T,89.94,2.0,['R'],C,90.055
GOOG,2023-01-03 09:23:06.562497+00:00,T,90.17,1.0,T,89.94,1.0,['R'],C,90.055
GOOG,2023-01-03 09:23:06.562932+00:00,T,90.17,1.0,P,89.92,2.0,['R'],C,90.045
GOOG,2023-01-03 09:23:06.563027+00:00,T,90.17,1.0,P,89.92,1.0,['R'],C,90.045
GOOG,2023-01-03 09:23:06.563635+00:00,T,90.17,1.0,T,89.88,1.0,['R'],C,90.025
GOOG,2023-01-03 09:23:06.606208+00:00,T,90.17,1.0,P,89.92,1.0,['R'],C,90.045
GOOG,2023-01-03 09:23:09.446028+00:00,T,90.17,1.0,T,89.93,1.0,['R'],C,90.05000000000001
GOOG,2023-01-03 09:23:09.548795+00:00,T,90.17,1.0,T,89.94,1.0,['R'],C,90.055
GOOG,2023-01-03 09:23:11.609474+00:00,T,90.17,1.0,P,89.95,1.0,['R'],C,90.06
GOOG,2023-01-03 09:23:12.169494+00:00,T,90.17,1.0,T,89.96,1.0,['R'],C,90.065
GOOG,2023-01-03 09:23:12.557803+00:00,T,90.17,1.0,P,89.95,1.0,['R'],C,90.06
GOOG,2023-01-03 09:23:13.538825+00:00,T,90.15,3.0,P,89.95,1.0,['R'],C,90.05000000000001
GOOG,2023-01-03 09:23:13.646661+00:00,T,90.15,4.0,P,89.95,1.0,['R'],C,90.05000000000001
GOOG,2023-01-03 09:23:23.169004+00:00,T,90.15,4.0,K,89.95,1.0,['R'],C,90.05000000000001
GOOG,2023-01-03 09:23:30.634994+00:00,P,90.14,1.0,K,89.95,1.0,['R'],C,90.045
GOOG,2023-01-03 09:23:42.968557+00:00,T,90.15,4.0,K,89.95,1.0,['R'],C,90.05000000000001
GOOG,2023-01-03 09:23:51.275108+00:00,T,90.15,4.0,P,89.94,1.0,['R'],C,90.045
GOOG,2023-01-03 09:23:53.709076+00:00,P,90.13,1.0,P,89.94,1.0,['R'],C,90.035
GOOG,2023-01-03 09:23:53.760318+00:00,T,90.15,4.0,P,89.94,1.0,['R'],C,90.045
GOOG,2023-01-03 09:23:53.795705+00:00,P,90.13,1.0,P,89.94,1.0,['R'],C,90.035
GOOG,2023-01-03 09:23:53.837375+00:00,T,90.15,4.0,P,89.94,1.0,['R'],C,90.045
GOOG,2023-01-03 09:24:03.855962+00:00,P,90.13,1.0,P,89.94,1.0,['R'],C,90.035
GOOG,2023-01-03 09:24:03.879204+00:00,T,90.15,4.0,P,89.94,1.0,['R'],C,90.045
GOOG,2023-01-03 09:24:03.922410+00:00,P,90.14,1.0,P,89.94,1.0,['R'],C,90.03999999999999
GOOG,2023-01-03 09:24:15.032819+00:00,T,90.15,4.0,P,89.94,1.0,['R'],C,90.045
GOOG,2023-01-03 09:24:15.034383+00:00,T,90.15,4.0,K,89.92,1.0,['R'],C,90.035
GOOG,2023-01-03 09:24:15.034891+00:00,T,90.15,4.0,K,89.94,1.0,['R'],C,90.045
GOOG,2023-01-03 09:24:15.036702+00:00,P,90.13,1.0,K,89.94,1.0,['R'],C,90.035
GOOG,2023-01-03 09:24:17.105094+00:00,T,90.15,4.0,K,89.94,1.0,['R'],C,90.045
GOOG,2023-01-03 09:24:24.773302+00:00,T,90.15,4.0,P,89.93,1.0,['R'],C,90.04
GOOG,2023-01-03 09:24:25.741101+00:00,T,90.15,4.0,T,89.94,1.0,['R'],C,90.045
GOOG,2023-01-03 09:24:25.948759+00:00,T,90.15,4.0,P,89.93,1.0,['R'],C,90.04
GOOG,2023-01-03 09:24:26.057320+00:00,T,90.15,4.0,T,89.94,1.0,['R'],C,90.045
GOOG,2023-01-03 09:24:26.295544+00:00,T,90.15,4.0,P,89.93,1.0,['R'],C,90.04
GOOG,2023-01-03 09:24:27.810311+00:00,T,90.15,4.0,T,89.94,1.0,['R'],C,90.045
GOOG,2023-01-03 09:24:27.810337+00:00,T,90.15,4.0,P,89.93,1.0,['R'],C,90.04
GOOG,2023-01-03 09:24:30.824920+00:00,T,90.15,4.0,P,89.89,1.0,['R'],C,90.02000000000001
GOOG,2023-01-03 09:24:30.866394+00:00,T,90.15,4.0,P,89.94,1.0,['R'],C,90.045
GOOG,2023-01-03 09:24:35.865601+00:00,T,90.15,4.0,T,89.94,1.0,['R'],C,90.045
GOOG,2023-01-03 09:24:35.906622+00:00,T,90.15,4.0,P,89.99,1.0,['R'],C,90.07
GOOG,2023-01-03 09:24:40.350442+00:00,T,90.15,3.0,P,89.99,1.0,['R'],C,90.07
GOOG,2023-01-03 09:24:52.239996+00:00,T,90.15,3.0,P,89.93,1.0,['R'],C,90.04
GOOG,2023-01-03 09:24:52.281526+00:00,T,90.15,3.0,P,89.96,1.0,['R'],C,90.055
GOOG,2023-01-03 09:24:57.281211+00:00,T,90.15,3.0,T,89.95,1.0,['R'],C,90.05000000000001
GOOG,2023-01-03 09:24:57.323056+00:00,T,90.15,3.0,P,89.98,1.0,['R'],C,90.065
GOOG,2023-01-03 09:24:58.404315+00:00,T,90.15,3.0,T,90.0,1.0,['R'],C,90.075
GOOG,2023-01-03 09:25:02.631216+00:00,T,90.15,3.0,P,89.98,1.0,['R'],C,90.065
GOOG,2023-01-03 09:25:14.859352+00:00,T,90.15,3.0,P,89.92,1.0,['R'],C,90.035
GOOG,2023-01-03 09:25:14.900976+00:00,T,90.15,3.0,P,89.96,1.0,['R'],C,90.055
GOOG,2023-01-03 09:25:19.900760+00:00,T,90.15,3.0,P,89.92,1.0,['R'],C,90.035
GOOG,2023-01-03 09:25:19.903165+00:00,T,90.15,3.0,P,89.97,1.0,['R'],C,90.06
GOOG,2023-01-03 09:25:40.830353+00:00,T,90.15,3.0,T,89.99,1.0,['R'],C,90.07
GOOG,2023-01-03 09:25:52.602238+00:00,T,90.15,3.0,P,89.97,1.0,['R'],C,90.06
GOOG,2023-01-03 09:25:52.603039+00:00,T,90.15,3.0,P,90.0,1.0,['R'],C,90.075
GOOG,2023-01-03 09:25:52.645634+00:00,T,90.15,3.0,P,90.01,1.0,['R'],C,90.08000000000001
GOOG,2023-01-03 09:26:06.763921+00:00,T,90.15,3.0,P,89.94,1.0,['R'],C,90.045
GOOG,2023-01-03 09:26:06.764498+00:00,T,90.15,3.0,T,89.99,1.0,['R'],C,90.07
GOOG,2023-01-03 09:26:06.770148+00:00,T,90.15,3.0,P,89.97,1.0,['R'],C,90.06
GOOG,2023-01-03 09:26:06.770182+00:00,T,90.15,3.0,T,90.0,1.0,['R'],C,90.075
GOOG,2023-01-03 09:26:06.772962+00:00,T,90.15,3.0,P,89.97,1.0,['R'],C,90.06
GOOG,2023-01-03 09:26:07.967660+00:00,T,90.15,3.0,T,89.99,1.0,['R'],C,90.07
GOOG,2023-01-03 09:26:16.854478+00:00,T,90.15,3.0,P,89.97,1.0,['R'],C,90.06
GOOG,2023-01-03 09:26:16.854988+00:00,T,90.15,3.0,K,90.0,1.0,['R'],C,90.075
GOOG,2023-01-03 09:26:27.056770+00:00,T,90.15,4.0,K,90.0,1.0,['R'],C,90.075
GOOG,2023-01-03 09:26:28.018133+00:00,T,90.15,4.0,P,89.98,1.0,['R'],C,90.065
GOOG,2023-01-03 09:26:28.197173+00:00,T,90.15,3.0,P,89.98,1.0,['R'],C,90.065
GOOG,2023-01-03 09:26:41.001092+00:00,T,90.15,4.0,P,89.98,1.0,['R'],C,90.065
GOOG,2023-01-03 09:26:41.104226+00:00,T,90.15,4.0,P,89.93,1.0,['R'],C,90.04
GOOG,2023-01-03 09:26:41.104828+00:00,T,90.15,4.0,T,89.98,1.0,['R'],C,90.065
GOOG,2023-01-03 09:26:49.698901+00:00,T,90.15,4.0,P,89.96,1.0,['R'],C,90.055
GOOG,2023-01-03 09:26:49.701100+00:00,T,90.15,4.0,T,89.93,1.0,['R'],C,90.04
GOOG,2023-01-03 09:26:49.716594+00:00,T,90.15,4.0,T,89.88,1.0,['R'],C,90.015
GOOG,2023-01-03 09:26:49.716608+00:00,T,90.15,4.0,T,89.89,1.0,['R'],C,90.02000000000001
GOOG,2023-01-03 09:26:49.742094+00:00,T,90.15,4.0,P,89.98,1.0,['R'],C,90.065
GOOG,2023-01-03 09:26:56.717577+00:00,T,90.15,4.0,T,89.89,1.0,['R'],C,90.02000000000001
GOOG,2023-01-03 09:26:56.758076+00:00,T,90.15,4.0,P,89.99,1.0,['R'],C,90.07
GOOG,2023-01-03 09:26:59.790152+00:00,T,90.15,4.0,P,89.92,1.0,['R'],C,90.035
GOOG,2023-01-03 09:26:59.792920+00:00,T,90.15,4.0,P,89.96,1.0,['R'],C,90.055
GOOG,2023-01-03 09:27:02.139244+00:00,T,90.15,3.0,P,89.96,1.0,['R'],C,90.055
GOOG,2023-01-03 09:27:04.255681+00:00,T,90.15,4.0,P,89.96,1.0,['R'],C,90.055
GOOG,2023-01-03 09:27:04.792759+00:00,T,90.15,4.0,T,89.89,1.0,['R'],C,90.02000000000001
GOOG,2023-01-03 09:27:04.834055+00:00,T,90.15,4.0,P,89.97,1.0,['R'],C,90.06
GOOG,2023-01-03 09:27:11.337844+00:00,T,90.15,4.0,T,89.89,1.0,['R'],C,90.02000000000001
GOOG,2023-01-03 09:27:11.352819+00:00,T,90.15,4.0,P,89.96,1.0,['R'],C,90.055
GOOG,2023-01-03 09:27:26.603367+00:00,T,90.15,4.0,T,89.95,1.0,['R'],C,90.05000000000001
GOOG,2023-01-03 09:27:26.607852+00:00,T,90.15,4.0,P,89.97,1.0,['R'],C,90.06
GOOG,2023-01-03 09:27:33.474747+00:00,T,90.15,3.0,P,89.97,1.0,['R'],C,90.06
GOOG,2023-01-03 09:27:34.417572+00:00,T,90.15,3.0,T,89.95,1.0,['R'],C,90.05000000000001
GOOG,2023-01-03 09:27:34.419966+00:00,T,90.15,3.0,P,90.0,1.0,['R'],C,90.075
GOOG,2023-01-03 09:27:44.602778+00:00,T,90.15,4.0,P,90.0,1.0,['R'],C,90.075
GOOG,2023-01-03 09:27:56.589399+00:00,T,90.15,4.0,T,89.95,1.0,['R'],C,90.05000000000001
GOOG,2023-01-03 09:27:56.592180+00:00,T,90.15,4.0,P,89.97,1.0,['R'],C,90.06
GOOG,2023-01-03 09:28:01.786818+00:00,T,90.15,3.0,P,89.97,1.0,['R'],C,90.06
GOOG,2023-01-03 09:28:10.213287+00:00,T,90.15,3.0,T,89.95,1.0,['R'],C,90.05000000000001
GOOG,2023-01-03 09:28:10.216300+00:00,T,90.15,3.0,P,89.98,1.0,['R'],C,90.065
GOOG,2023-01-03 09:28:17.161649+00:00,T,90.15,3.0,P,89.93,1.0,['R'],C,90.04
GOOG,2023-01-03 09:28:17.164292+00:00,T,90.15,3.0,P,89.94,1.0,['R'],C,90.045
GOOG,2023-01-03 09:28:21.322675+00:00,P,90.12,1.0,P,89.94,1.0,['R'],C,90.03
GOOG,2023-01-03 09:28:21.660312+00:00,T,90.15,3.0,P,89.94,1.0,['R'],C,90.045
GOOG,2023-01-03 09:28:21.664982+00:00,P,90.13,1.0,P,89.94,1.0,['R'],C,90.035
GOOG,2023-01-03 09:28:23.278117+00:00,P,90.13,1.0,T,89.89,1.0,['R'],C,90.00999999999999
GOOG,2023-01-03 09:28:23.295893+00:00,P,90.13,1.0,P,89.95,1.0,['R'],C,90.03999999999999
GOOG,2023-01-03 09:28:32.598550+00:00,P,90.13,1.0,T,89.89,1.0,['R'],C,90.00999999999999
GOOG,2023-01-03 09:28:32.600821+00:00,P,90.13,1.0,P,89.92,1.0,['R'],C,90.025
GOOG,2023-01-03 09:28:34.095920+00:00,T,90.15,3.0,P,89.92,1.0,['R'],C,90.035
GOOG,2023-01-03 09:28:34.122487+00:00,P,90.12,1.0,P,89.92,1.0,['R'],C,90.02000000000001
GOOG,2023-01-03 09:28:42.719833+00:00,P,90.12,1.0,T,89.89,1.0,['R'],C,90.005
GOOG,2023-01-03 09:28:42.749899+00:00,P,90.12,1.0,P,89.91,1.0,['R'],C,90.015
GOOG,2023-01-03 09:28:44.082457+00:00,T,90.15,3.0,P,89.91,1.0,['R'],C,90.03
GOOG,2023-01-03 09:28:44.237868+00:00,T,90.15,3.0,P,89.92,1.0,['R'],C,90.035
GOOG,2023-01-03 09:28:45.281446+00:00,T,90.15,3.0,P,89.91,1.0,['R'],C,90.03
GOOG,2023-01-03 09:28:49.247131+00:00,T,90.15,3.0,T,89.89,1.0,['R'],C,90.02000000000001
GOOG,2023-01-03 09:28:49.251283+00:00,T,90.15,3.0,P,89.92,1.0,['R'],C,90.035
GOOG,2023-01-03 09:28:54.251678+00:00,T,90.15,3.0,T,89.89,1.0,['R'],C,90.02000000000001
GOOG,2023-01-03 09:28:54.292736+00:00,T,90.15,3.0,P,89.93,1.0,['R'],C,90.04
GOOG,2023-01-03 09:28:55.727640+00:00,P,90.14,1.0,P,89.93,1.0,['R'],C,90.035
GOOG,2023-01-03 09:28:59.292133+00:00,P,90.14,1.0,P,89.92,1.0,['R'],C,90.03
GOOG,2023-01-03 09:28:59.332951+00:00,P,90.14,1.0,P,89.94,1.0,['R'],C,90.03999999999999
GOOG,2023-01-03 09:29:08.326504+00:00,T,90.15,3.0,P,89.94,1.0,['R'],C,90.045
GOOG,2023-01-03 09:29:08.338441+00:00,P,90.14,1.0,P,89.94,1.0,['R'],C,90.03999999999999
GOOG,2023-01-03 09:29:10.597545+00:00,T,90.1,3.0,P,89.94,1.0,['R'],C,90.02
GOOG,2023-01-03 09:29:24.533758+00:00,T,90.1,3.0,T,89.97,1.0,['R'],C,90.035
GOOG,2023-01-03 09:29:24.638958+00:00,T,90.1,3.0,T,89.97,2.0,['R'],C,90.035
GOOG,2023-01-03 09:29:25.399765+00:00,T,90.1,3.0,T,89.97,1.0,['R'],C,90.035
GOOG,2023-01-03 09:29:25.400416+00:00,T,90.1,3.0,P,89.94,1.0,['R'],C,90.02
GOOG,2023-01-03 09:29:25.649558+00:00,T,90.09,1.0,P,89.94,1.0,['R'],C,90.015
GOOG,2023-01-03 09:29:26.325661+00:00,T,90.1,3.0,P,89.94,1.0,['R'],C,90.02
GOOG,2023-01-03 09:29:28.405453+00:00,T,90.1,3.0,T,89.81,1.0,['R'],C,89.955
GOOG,2023-01-03 09:29:28.408736+00:00,T,90.1,3.0,P,89.82,1.0,['R'],C,89.96
GOOG,2023-01-03 09:29:29.010578+00:00,T,90.1,4.0,P,89.82,1.0,['R'],C,89.96
GOOG,2023-01-03 09:29:29.568940+00:00,T,90.1,3.0,P,89.82,1.0,['R'],C,89.96
GOOG,2023-01-03 09:29:29.671924+00:00,T,90.1,4.0,P,89.82,1.0,['R'],C,89.96
GOOG,2023-01-03 09:29:30.560626+00:00,P,90.09,1.0,P,89.82,1.0,['R'],C,89.955
GOOG,2023-01-03 09:29:32.893280+00:00,T,90.1,4.0,P,89.82,1.0,['R'],C,89.96
GOOG,2023-01-03 09:29:35.736103+00:00,T,90.1,3.0,P,89.82,1.0,['R'],C,89.96
GOOG,2023-01-03 09:29:35.890903+00:00,T,90.1,3.0,T,89.8,1.0,['R'],C,89.94999999999999
GOOG,2023-01-03 09:29:39.500439+00:00,T,90.1,3.0,T,89.8,2.0,['R'],C,89.94999999999999
GOOG,2023-01-03 09:29:39.949436+00:00,T,90.1,3.0,T,89.8,1.0,['R'],C,89.94999999999999
GOOG,2023-01-03 09:29:40.585353+00:00,T,90.1,4.0,T,89.8,1.0,['R'],C,89.94999999999999
GOOG,2023-01-03 09:29:47.232065+00:00,P,90.09,1.0,T,89.8,1.0,['R'],C,89.945
GOOG,2023-01-03 09:29:47.232450+00:00,P,90.09,1.0,P,89.8,1.0,['R'],C,89.945
GOOG,2023-01-03 09:29:47.329413+00:00,T,90.1,4.0,P,89.8,1.0,['R'],C,89.94999999999999
GOOG,2023-01-03 09:29:49.002305+00:00,T,90.1,4.0,P,89.75,1.0,['R'],C,89.925
GOOG,2023-01-03 09:29:49.005122+00:00,T,90.1,4.0,P,89.79,1.0,['R'],C,89.945
GOOG,2023-01-03 09:29:56.043876+00:00,T,90.1,4.0,P,89.79,2.0,['R'],C,89.945
GOOG,2023-01-03 09:29:56.045622+00:00,T,90.1,4.0,P,89.79,1.0,['R'],C,89.945
GOOG,2023-01-03 09:29:56.085695+00:00,T,90.1,4.0,P,89.8,1.0,['R'],C,89.94999999999999
GOOG,2023-01-03 09:29:58.549352+00:00,T,90.1,4.0,P,89.84,1.0,['R'],C,89.97
GOOG,2023-01-03 09:30:00.827662+00:00,T,90.1,4.0,P,89.8,1.0,['R'],C,89.94999999999999
GOOG,2023-01-03 09:30:03.829867+00:00,T,90.1,4.0,P,89.75,1.0,['R'],C,89.925
GOOG,2023-01-03 09:30:04.041026+00:00,T,90.1,4.0,P,89.79,1.0,['R'],C,89.945
GOOG,2023-01-03 09:30:09.109615+00:00,T,90.1,4.0,P,89.79,2.0,['R'],C,89.945
GOOG,2023-01-03 09:30:09.111370+00:00,T,90.1,4.0,P,89.79,1.0,['R'],C,89.945
