_symbol,_timestamp,_ask_exchange,_ask_price,_ask_size,_bid_exchange,_bid_price,_bid_size,_conditions,_tape,market_price
GOOG,2023-01-07 00:00:07.735543+00:00,T,88.05,9.0,P,88.02,2.0,['R'],C,88.035
GOOG,2023-01-07 00:04:00.037628+00:00,T,88.05,8.0,P,88.02,2.0,['R'],C,88.035
GOOG,2023-01-07 00:04:35.035852+00:00,T,88.05,7.0,P,88.02,2.0,['R'],C,88.035
GOOG,2023-01-07 00:07:18.785603+00:00,T,88.05,7.0,K,88.03,1.0,['R'],C,88.03999999999999
GOOG,2023-01-07 00:09:00.980866+00:00,T,88.05,7.0,P,88.02,2.0,['R'],C,88.035
GOOG,2023-01-07 00:09:01.023542+00:00,T,88.05,7.0,K,88.04,1.0,['R'],C,88.045
GOOG,2023-01-07 00:09:12.004535+00:00,T,88.05,7.0,P,88.02,2.0,['R'],C,88.035
GOOG,2023-01-07 00:13:30.906155+00:00,T,88.05,7.0,P,88.03,1.0,['R'],C,88.03999999999999
GOOG,2023-01-07 00:13:46.922342+00:00,T,88.05,7.0,K,88.03,1.0,['R'],C,88.03999999999999
GOOG,2023-01-07 00:13:47.023070+00:00,T,88.05,6.0,K,88.03,1.0,['R'],C,88.03999999999999
GOOG,2023-01-07 00:23:27.294912+00:00,T,88.05,6.0,P,88.02,2.0,['R'],C,88.035
GOOG,2023-01-07 00:24:03.158700+00:00,P,88.04,1.0,P,88.02,2.0,['R'],C,88.03
GOOG,2023-01-07 00:24:06.654116+00:00,T,88.05,6.0,P,88.02,2.0,['R'],C,88.035
GOOG,2023-01-07 00:24:06.656113+00:00,P,88.03,1.0,P,88.02,2.0,['R'],C,88.025
GOOG,2023-01-07 00:24:10.105543+00:00,T,88.05,6.0,P,88.02,2.0,['R'],C,88.035
GOOG,2023-01-07 00:24:48.533885+00:00,T,88.05,6.0,K,88.01,1.0,['R'],C,88.03
GOOG,2023-01-07 00:30:23.647887+00:00,T,88.05,6.0,K,88.01,6.0,['R'],C,88.03
GOOG,2023-01-07 00:30:43.535019+00:00,T,88.05,6.0,K,88.01,1.0,['R'],C,88.03
GOOG,2023-01-07 00:34:06.692789+00:00,T,88.05,5.0,K,88.01,1.0,['R'],C,88.03
GOOG,2023-01-07 00:36:20.312431+00:00,T,88.05,5.0,K,88.0,5.0,['R'],C,88.025
GOOG,2023-01-07 00:41:39.712420+00:00,T,88.05,5.0,P,88.04,1.0,['R'],C,88.045
GOOG,2023-01-07 00:42:32.099692+00:00,T,88.05,5.0,K,88.0,5.0,['R'],C,88.025
GOOG,2023-01-07 00:44:30.145086+00:00,T,88.05,5.0,P,88.0,7.0,['R'],C,88.025
GOOG,2023-01-07 00:45:17.890708+00:00,T,88.05,5.0,P,88.0,8.0,['R'],C,88.025
GOOG,2023-01-07 00:45:17.896663+00:00,T,88.05,5.0,P,88.0,9.0,['R'],C,88.025
GOOG,2023-01-07 00:46:00.983857+00:00,T,88.05,5.0,P,88.0,7.0,['R'],C,88.025
GOOG,2023-01-07 00:46:11.146830+00:00,T,88.05,5.0,K,88.0,5.0,['R'],C,88.025
GOOG,2023-01-07 00:46:25.097313+00:00,T,88.05,6.0,K,88.0,5.0,['R'],C,88.025
GOOG,2023-01-07 00:46:25.099790+00:00,T,88.05,5.0,K,88.0,5.0,['R'],C,88.025
GOOG,2023-01-07 00:47:35.865684+00:00,T,88.05,5.0,K,88.0,6.0,['R'],C,88.025
GOOG,2023-01-07 00:47:37.132274+00:00,T,88.05,5.0,P,88.03,3.0,['R'],C,88.03999999999999
GOOG,2023-01-07 00:49:29.866993+00:00,T,88.05,5.0,P,88.03,2.0,['R'],C,88.03999999999999
GOOG,2023-01-07 00:52:27.863276+00:00,P,88.09,3.0,P,88.03,2.0,['R'],C,88.06
GOOG,2023-01-07 00:54:26.344659+00:00,P,88.09,3.0,K,88.0,5.0,['R'],C,88.045
GOOG,2023-01-07 00:55:08.535921+00:00,P,88.09,3.0,T,88.01,1.0,['R'],C,88.05000000000001
GOOG,2023-01-07 00:55:08.541256+00:00,P,88.09,3.0,T,88.01,2.0,['R'],C,88.05000000000001
GOOG,2023-01-07 00:55:08.575326+00:00,P,88.09,3.0,T,88.01,1.0,['R'],C,88.05000000000001
GOOG,2023-01-07 00:55:08.576230+00:00,P,88.09,3.0,T,88.01,2.0,['R'],C,88.05000000000001
GOOG,2023-01-07 00:56:06.567288+00:00,P,88.09,3.0,K,88.02,1.0,['R'],C,88.055
GOOG,2023-01-07 00:56:25.404704+00:00,P,88.09,3.0,T,88.02,2.0,['R'],C,88.055
GOOG,2023-01-07 00:56:33.422958+00:00,P,88.09,3.0,P,88.02,1.0,['R'],C,88.055
GOOG,2023-01-07 00:56:55.896019+00:00,T,88.09,2.0,P,88.02,1.0,['R'],C,88.055
GOOG,2023-01-07 00:57:11.854545+00:00,T,88.09,2.0,K,88.02,1.0,['R'],C,88.055
GOOG,2023-01-07 00:57:45.870617+00:00,T,88.09,2.0,T,88.01,1.0,['R'],C,88.05000000000001
GOOG,2023-01-07 00:57:53.543709+00:00,P,88.09,1.0,T,88.01,1.0,['R'],C,88.05000000000001
GOOG,2023-01-07 00:57:59.991516+00:00,P,88.1,17.0,T,88.01,1.0,['R'],C,88.055
GOOG,2023-01-07 00:58:07.210966+00:00,P,88.1,17.0,K,88.01,3.0,['R'],C,88.055
GOOG,2023-01-07 00:59:20.189962+00:00,P,88.05,2.0,K,88.01,3.0,['R'],C,88.03
GOOG,2023-01-07 00:59:25.510787+00:00,P,88.05,2.0,T,88.05,1.0,['R'],C,88.05
GOOG,2023-01-07 00:59:25.511475+00:00,P,88.05,1.0,T,88.05,1.0,['R'],C,88.05
GOOG,2023-01-07 00:59:25.511572+00:00,P,88.05,1.0,K,88.01,3.0,['R'],C,88.03
GOOG,2023-01-07 00:59:36.466029+00:00,P,88.05,1.0,P,88.0,5.0,['R'],C,88.025
GOOG,2023-01-07 00:59:36.514400+00:00,P,88.1,17.0,K,88.0,5.0,['R'],C,88.05
GOOG,2023-01-07 00:59:36.514587+00:00,P,88.1,17.0,K,88.04,1.0,['R'],C,88.07
GOOG,2023-01-07 00:59:36.514614+00:00,P,88.1,17.0,K,88.05,1.0,['R'],C,88.07499999999999
GOOG,2023-01-07 00:59:51.814651+00:00,P,88.1,17.0,P,88.0,5.0,['R'],C,88.05
GOOG,2023-01-07 00:59:51.868845+00:00,P,88.1,16.0,P,88.0,5.0,['R'],C,88.05
GOOG,2023-01-09 09:00:00.002269+00:00,T,0.0,0.0,T,87.73,1.0,['R'],C,43.865
GOOG,2023-01-09 09:00:00.002395+00:00,T,88.34,1.0,T,87.73,1.0,['R'],C,88.035
GOOG,2023-01-09 09:00:00.016561+00:00,K,88.16,1.0,T,87.73,1.0,['R'],C,87.945
GOOG,2023-01-09 09:00:00.017251+00:00,T,88.34,1.0,T,87.73,1.0,['R'],C,88.035
GOOG,2023-01-09 09:00:00.018201+00:00,T,88.34,1.0,K,87.93,1.0,['R'],C,88.135
GOOG,2023-01-09 09:00:00.021604+00:00,P,88.1,1.0,K,87.93,1.0,['R'],C,88.015
GOOG,2023-01-09 09:00:00.021849+00:00,P,88.1,1.0,K,88.0,1.0,['R'],C,88.05
GOOG,2023-01-09 09:00:00.846082+00:00,P,88.08,2.0,K,88.0,1.0,['R'],C,88.03999999999999
GOOG,2023-01-09 09:00:05.400440+00:00,P,88.08,3.0,K,88.0,1.0,['R'],C,88.03999999999999
GOOG,2023-01-09 09:00:10.008014+00:00,P,88.08,2.0,K,88.0,1.0,['R'],C,88.03999999999999
GOOG,2023-01-09 09:00:10.048745+00:00,P,88.08,2.0,P,87.95,1.0,['R'],C,88.015
GOOG,2023-01-09 09:00:10.070241+00:00,P,88.08,1.0,P,87.95,1.0,['R'],C,88.015
GOOG,2023-01-09 09:00:11.480355+00:00,P,88.1,1.0,P,87.95,1.0,['R'],C,88.025
GOOG,2023-01-09 09:00:11.521507+00:00,P,88.09,1.0,P,87.95,1.0,['R'],C,88.02000000000001
GOOG,2023-01-09 09:00:16.850940+00:00,P,88.1,1.0,P,87.95,1.0,['R'],C,88.025
GOOG,2023-01-09 09:00:16.854733+00:00,P,88.1,2.0,P,87.95,1.0,['R'],C,88.025
GOOG,2023-01-09 09:00:16.921604+00:00,P,88.1,1.0,P,87.95,1.0,['R'],C,88.025
GOOG,2023-01-09 09:00:17.023352+00:00,P,88.1,1.0,P,87.93,1.0,['R'],C,88.015
GOOG,2023-01-09 09:00:17.047652+00:00,P,88.1,1.0,P,88.01,1.0,['R'],C,88.055
GOOG,2023-01-09 09:00:21.350652+00:00,P,88.1,1.0,P,88.02,1.0,['R'],C,88.06
GOOG,2023-01-09 09:00:22.346293+00:00,P,88.1,1.0,P,88.05,1.0,['R'],C,88.07499999999999
GOOG,2023-01-09 09:00:23.209699+00:00,P,88.1,1.0,T,87.96,1.0,['R'],C,88.03
GOOG,2023-01-09 09:00:23.835069+00:00,P,88.1,1.0,T,87.95,1.0,['R'],C,88.025
GOOG,2023-01-09 09:00:25.205304+00:00,P,88.1,1.0,P,88.05,1.0,['R'],C,88.07499999999999
GOOG,2023-01-09 09:00:26.646147+00:00,P,88.1,1.0,P,88.05,2.0,['R'],C,88.07499999999999
GOOG,2023-01-09 09:00:26.646479+00:00,P,88.1,2.0,P,88.05,2.0,['R'],C,88.07499999999999
GOOG,2023-01-09 09:00:27.189464+00:00,P,88.1,2.0,P,88.05,1.0,['R'],C,88.07499999999999
GOOG,2023-01-09 09:00:27.189770+00:00,P,88.1,2.0,P,88.04,1.0,['R'],C,88.07
GOOG,2023-01-09 09:00:27.201436+00:00,P,88.1,2.0,P,88.04,2.0,['R'],C,88.07
GOOG,2023-01-09 09:00:27.203237+00:00,P,88.1,2.0,P,88.05,1.0,['R'],C,88.07499999999999
GOOG,2023-01-09 09:00:27.204062+00:00,P,88.1,2.0,P,88.04,2.0,['R'],C,88.07
GOOG,2023-01-09 09:00:27.204930+00:00,P,88.1,2.0,P,88.04,1.0,['R'],C,88.07
GOOG,2023-01-09 09:00:27.433035+00:00,P,88.1,2.0,T,87.95,1.0,['R'],C,88.025
GOOG,2023-01-09 09:00:27.475394+00:00,P,88.1,2.0,P,88.01,1.0,['R'],C,88.055
GOOG,2023-01-09 09:00:29.249800+00:00,P,88.1,2.0,P,88.04,1.0,['R'],C,88.07
GOOG,2023-01-09 09:00:31.247924+00:00,P,88.1,2.0,P,88.01,1.0,['R'],C,88.055
GOOG,2023-01-09 09:00:31.646457+00:00,P,88.1,1.0,P,88.01,1.0,['R'],C,88.055
GOOG,2023-01-09 09:00:31.685849+00:00,P,88.09,1.0,P,88.01,1.0,['R'],C,88.05000000000001
GOOG,2023-01-09 09:00:31.756421+00:00,P,88.09,1.0,T,87.95,1.0,['R'],C,88.02000000000001
GOOG,2023-01-09 09:00:31.756815+00:00,P,88.09,1.0,P,87.93,1.0,['R'],C,88.01
GOOG,2023-01-09 09:00:31.796945+00:00,P,88.09,1.0,P,87.95,1.0,['R'],C,88.02000000000001
GOOG,2023-01-09 09:00:32.118159+00:00,P,88.09,1.0,T,87.96,1.0,['R'],C,88.025
GOOG,2023-01-09 09:00:32.141028+00:00,P,88.09,1.0,P,87.95,1.0,['R'],C,88.02000000000001
GOOG,2023-01-09 09:00:33.290571+00:00,P,88.09,1.0,P,87.99,1.0,['R'],C,88.03999999999999
GOOG,2023-01-09 09:00:34.757388+00:00,P,88.09,1.0,P,87.95,1.0,['R'],C,88.02000000000001
GOOG,2023-01-09 09:00:34.757504+00:00,P,88.09,1.0,P,88.0,1.0,['R'],C,88.045
GOOG,2023-01-09 09:00:34.767786+00:00,P,88.41,34.0,P,88.16,34.0,['R'],C,88.285
GOOG,2023-01-09 09:00:34.787384+00:00,P,88.41,34.0,P,88.16,30.0,['R'],C,88.285
GOOG,2023-01-09 09:00:34.840847+00:00,K,88.9,5.0,P,88.16,30.0,['R'],C,88.53
GOOG,2023-01-09 09:00:34.867866+00:00,P,88.81,34.0,P,88.16,30.0,['R'],C,88.485
GOOG,2023-01-09 09:00:34.893281+00:00,T,88.8,1.0,P,88.16,30.0,['R'],C,88.47999999999999
GOOG,2023-01-09 09:00:34.984894+00:00,P,88.73,34.0,P,88.16,30.0,['R'],C,88.445
GOOG,2023-01-09 09:00:35.067532+00:00,T,88.74,1.0,P,88.16,30.0,['R'],C,88.44999999999999
GOOG,2023-01-09 09:00:35.070968+00:00,P,88.7,34.0,P,88.16,30.0,['R'],C,88.43
GOOG,2023-01-09 09:00:35.121749+00:00,T,88.62,1.0,P,88.16,30.0,['R'],C,88.39
GOOG,2023-01-09 09:00:35.230267+00:00,T,88.61,1.0,P,88.16,30.0,['R'],C,88.38499999999999
GOOG,2023-01-09 09:00:35.283794+00:00,T,88.56,1.0,P,88.16,30.0,['R'],C,88.36
GOOG,2023-01-09 09:00:35.387607+00:00,T,88.55,1.0,P,88.16,30.0,['R'],C,88.35499999999999
GOOG,2023-01-09 09:00:35.641397+00:00,T,88.5,1.0,P,88.16,30.0,['R'],C,88.33
GOOG,2023-01-09 09:00:35.641429+00:00,T,88.55,1.0,P,88.16,30.0,['R'],C,88.35499999999999
GOOG,2023-01-09 09:00:35.900072+00:00,T,88.5,1.0,P,88.16,30.0,['R'],C,88.33
GOOG,2023-01-09 09:00:36.060600+00:00,T,88.52,1.0,P,88.16,30.0,['R'],C,88.34
GOOG,2023-01-09 09:00:36.271716+00:00,P,88.66,34.0,P,88.16,30.0,['R'],C,88.41
GOOG,2023-01-09 09:00:36.819268+00:00,P,88.66,34.0,P,88.16,31.0,['R'],C,88.41
GOOG,2023-01-09 09:00:36.828775+00:00,T,88.62,1.0,P,88.16,31.0,['R'],C,88.39
GOOG,2023-01-09 09:00:36.935449+00:00,T,88.61,1.0,P,88.16,31.0,['R'],C,88.38499999999999
GOOG,2023-01-09 09:00:37.310803+00:00,T,88.61,1.0,P,88.24,1.0,['R'],C,88.425
GOOG,2023-01-09 09:00:37.767632+00:00,T,88.61,1.0,P,88.16,31.0,['R'],C,88.38499999999999
GOOG,2023-01-09 09:00:37.780673+00:00,P,88.47,1.0,P,88.16,31.0,['R'],C,88.315
GOOG,2023-01-09 09:00:37.780939+00:00,P,88.47,1.0,P,88.24,1.0,['R'],C,88.35499999999999
GOOG,2023-01-09 09:00:37.835261+00:00,P,88.47,1.0,P,88.16,31.0,['R'],C,88.315
GOOG,2023-01-09 09:00:37.841594+00:00,P,88.47,1.0,P,88.24,1.0,['R'],C,88.35499999999999
GOOG,2023-01-09 09:00:37.872412+00:00,P,88.47,1.0,P,88.16,31.0,['R'],C,88.315
GOOG,2023-01-09 09:00:39.310924+00:00,P,88.47,1.0,P,88.16,30.0,['R'],C,88.315
GOOG,2023-01-09 09:00:41.354755+00:00,P,88.47,1.0,P,88.16,31.0,['R'],C,88.315
GOOG,2023-01-09 09:00:42.786456+00:00,T,88.5,1.0,P,88.16,31.0,['R'],C,88.33
GOOG,2023-01-09 09:00:42.829333+00:00,P,88.44,1.0,P,88.16,31.0,['R'],C,88.3
GOOG,2023-01-09 09:00:42.852278+00:00,P,88.44,1.0,P,88.17,1.0,['R'],C,88.305
GOOG,2023-01-09 09:00:45.856090+00:00,P,88.44,1.0,P,88.2,1.0,['R'],C,88.32
GOOG,2023-01-09 09:00:45.934052+00:00,P,88.44,1.0,P,88.17,1.0,['R'],C,88.305
GOOG,2023-01-09 09:00:45.976835+00:00,P,88.44,1.0,P,88.18,1.0,['R'],C,88.31
GOOG,2023-01-09 09:00:47.901380+00:00,P,88.44,1.0,P,88.18,2.0,['R'],C,88.31
GOOG,2023-01-09 09:00:48.109516+00:00,T,88.5,1.0,P,88.18,2.0,['R'],C,88.34
GOOG,2023-01-09 09:00:48.133393+00:00,P,88.43,1.0,P,88.18,2.0,['R'],C,88.305
GOOG,2023-01-09 09:00:48.358370+00:00,P,88.43,1.0,P,88.2,1.0,['R'],C,88.315
GOOG,2023-01-09 09:00:53.359493+00:00,P,88.43,1.0,P,88.18,2.0,['R'],C,88.305
GOOG,2023-01-09 09:00:55.378060+00:00,P,88.43,1.0,P,88.2,1.0,['R'],C,88.315
GOOG,2023-01-09 09:00:57.945753+00:00,P,88.43,1.0,P,88.24,1.0,['R'],C,88.33500000000001
GOOG,2023-01-09 09:01:01.213209+00:00,P,88.43,1.0,P,88.2,1.0,['R'],C,88.315
GOOG,2023-01-09 09:01:01.255069+00:00,P,88.43,1.0,P,88.24,1.0,['R'],C,88.33500000000001
GOOG,2023-01-09 09:01:01.257846+00:00,P,88.43,1.0,P,88.2,1.0,['R'],C,88.315
GOOG,2023-01-09 09:01:01.636815+00:00,P,88.43,1.0,P,88.21,1.0,['R'],C,88.32
GOOG,2023-01-09 09:01:01.852723+00:00,P,88.43,1.0,P,88.2,1.0,['R'],C,88.315
GOOG,2023-01-09 09:01:01.856502+00:00,P,88.43,1.0,P,88.2,2.0,['R'],C,88.315
GOOG,2023-01-09 09:01:01.961018+00:00,P,88.43,1.0,P,88.2,1.0,['R'],C,88.315
GOOG,2023-01-09 09:01:04.004434+00:00,P,88.43,1.0,P,88.2,2.0,['R'],C,88.315
GOOG,2023-01-09 09:01:09.004948+00:00,P,88.43,1.0,P,88.2,1.0,['R'],C,88.315
GOOG,2023-01-09 09:01:11.018651+00:00,P,88.43,1.0,P,88.2,2.0,['R'],C,88.315
GOOG,2023-01-09 09:01:11.856264+00:00,P,88.43,1.0,P,88.2,1.0,['R'],C,88.315
GOOG,2023-01-09 09:01:11.865026+00:00,P,88.43,1.0,P,88.21,1.0,['R'],C,88.32
GOOG,2023-01-09 09:01:12.378533+00:00,P,88.43,1.0,P,88.18,1.0,['R'],C,88.305
GOOG,2023-01-09 09:01:14.193348+00:00,T,88.49,1.0,P,88.18,1.0,['R'],C,88.33500000000001
GOOG,2023-01-09 09:01:14.198354+00:00,P,88.44,1.0,P,88.18,1.0,['R'],C,88.31
GOOG,2023-01-09 09:01:14.307606+00:00,P,88.44,1.0,T,88.2,1.0,['R'],C,88.32
GOOG,2023-01-09 09:01:14.417051+00:00,P,88.44,1.0,T,88.21,1.0,['R'],C,88.32499999999999
GOOG,2023-01-09 09:01:17.397284+00:00,P,88.44,1.0,P,88.22,1.0,['R'],C,88.33
GOOG,2023-01-09 09:01:24.020766+00:00,P,88.44,1.0,P,88.26,1.0,['R'],C,88.35
GOOG,2023-01-09 09:01:26.060712+00:00,T,88.49,1.0,P,88.26,1.0,['R'],C,88.375
GOOG,2023-01-09 09:01:26.065733+00:00,T,88.49,1.0,T,88.21,1.0,['R'],C,88.35
GOOG,2023-01-09 09:01:27.053377+00:00,T,88.5,1.0,T,88.21,1.0,['R'],C,88.35499999999999
GOOG,2023-01-09 09:01:27.464543+00:00,T,88.49,1.0,P,88.21,1.0,['R'],C,88.35
GOOG,2023-01-09 09:01:29.099104+00:00,T,88.49,1.0,T,88.21,1.0,['R'],C,88.35
GOOG,2023-01-09 09:01:29.618135+00:00,T,88.5,1.0,T,88.21,1.0,['R'],C,88.35499999999999
GOOG,2023-01-09 09:01:29.623114+00:00,P,88.69,1.0,T,88.21,1.0,['R'],C,88.44999999999999
GOOG,2023-01-09 09:01:29.718348+00:00,T,88.56,1.0,T,88.21,1.0,['R'],C,88.38499999999999
GOOG,2023-01-09 09:01:29.880298+00:00,T,88.56,2.0,T,88.21,1.0,['R'],C,88.38499999999999
GOOG,2023-01-09 09:01:31.102286+00:00,T,88.56,2.0,P,88.22,1.0,['R'],C,88.39
GOOG,2023-01-09 09:01:31.165328+00:00,T,88.56,2.0,T,88.21,1.0,['R'],C,88.38499999999999
GOOG,2023-01-09 09:01:31.165404+00:00,T,88.56,2.0,P,88.23,1.0,['R'],C,88.39500000000001
GOOG,2023-01-09 09:01:32.390509+00:00,T,88.56,2.0,T,88.21,1.0,['R'],C,88.38499999999999
GOOG,2023-01-09 09:01:32.390618+00:00,T,88.56,2.0,P,88.23,1.0,['R'],C,88.39500000000001
GOOG,2023-01-09 09:01:32.395337+00:00,T,88.56,1.0,P,88.23,1.0,['R'],C,88.39500000000001
GOOG,2023-01-09 09:01:32.445500+00:00,P,88.69,1.0,P,88.23,1.0,['R'],C,88.46000000000001
GOOG,2023-01-09 09:01:32.516828+00:00,T,88.56,1.0,P,88.23,1.0,['R'],C,88.39500000000001
GOOG,2023-01-09 09:01:32.731828+00:00,T,88.56,2.0,P,88.23,1.0,['R'],C,88.39500000000001
GOOG,2023-01-09 09:01:33.102502+00:00,T,88.56,2.0,T,88.21,1.0,['R'],C,88.38499999999999
GOOG,2023-01-09 09:01:33.225243+00:00,T,88.5,1.0,T,88.21,1.0,['R'],C,88.35499999999999
GOOG,2023-01-09 09:01:34.708396+00:00,T,88.55,1.0,T,88.21,1.0,['R'],C,88.38
GOOG,2023-01-09 09:01:34.765145+00:00,T,88.55,1.0,P,88.17,22.0,['R'],C,88.36
GOOG,2023-01-09 09:01:34.804627+00:00,T,88.49,1.0,P,88.17,22.0,['R'],C,88.33
GOOG,2023-01-09 09:01:34.910741+00:00,T,88.62,1.0,P,88.17,22.0,['R'],C,88.39500000000001
GOOG,2023-01-09 09:01:34.910758+00:00,T,88.61,1.0,P,88.17,22.0,['R'],C,88.39
GOOG,2023-01-09 09:01:34.996097+00:00,T,88.5,1.0,P,88.17,22.0,['R'],C,88.33500000000001
GOOG,2023-01-09 09:01:35.105320+00:00,T,88.49,1.0,P,88.17,22.0,['R'],C,88.33
GOOG,2023-01-09 09:01:36.155720+00:00,T,88.62,1.0,P,88.17,22.0,['R'],C,88.39500000000001
GOOG,2023-01-09 09:01:36.155733+00:00,T,88.61,1.0,P,88.17,22.0,['R'],C,88.39
GOOG,2023-01-09 09:01:36.671512+00:00,T,88.56,1.0,P,88.17,22.0,['R'],C,88.36500000000001
GOOG,2023-01-09 09:01:36.772713+00:00,T,88.55,1.0,P,88.17,22.0,['R'],C,88.36
GOOG,2023-01-09 09:01:37.497203+00:00,T,88.5,1.0,P,88.17,22.0,['R'],C,88.33500000000001
GOOG,2023-01-09 09:01:37.606429+00:00,T,88.49,1.0,P,88.17,22.0,['R'],C,88.33
GOOG,2023-01-09 09:01:37.758674+00:00,T,88.44,1.0,P,88.17,22.0,['R'],C,88.305
GOOG,2023-01-09 09:01:38.264191+00:00,T,88.44,1.0,T,88.18,1.0,['R'],C,88.31
GOOG,2023-01-09 09:01:38.464539+00:00,T,88.44,1.0,P,88.17,22.0,['R'],C,88.305
GOOG,2023-01-09 09:01:38.572179+00:00,T,88.44,1.0,T,88.19,1.0,['R'],C,88.315
GOOG,2023-01-09 09:01:38.773146+00:00,T,88.44,1.0,P,88.17,22.0,['R'],C,88.305
GOOG,2023-01-09 09:01:38.881460+00:00,T,88.44,1.0,T,88.2,1.0,['R'],C,88.32
GOOG,2023-01-09 09:01:40.401424+00:00,P,88.38,1.0,T,88.2,1.0,['R'],C,88.28999999999999
GOOG,2023-01-09 09:01:41.336215+00:00,T,88.44,1.0,T,88.2,1.0,['R'],C,88.32
GOOG,2023-01-09 09:01:41.833969+00:00,T,88.44,1.0,P,88.17,22.0,['R'],C,88.305
GOOG,2023-01-09 09:01:47.152820+00:00,T,88.44,2.0,P,88.17,22.0,['R'],C,88.305
GOOG,2023-01-09 09:01:47.172732+00:00,T,88.44,1.0,P,88.17,22.0,['R'],C,88.305
GOOG,2023-01-09 09:01:49.704431+00:00,T,88.44,1.0,P,88.18,1.0,['R'],C,88.31
GOOG,2023-01-09 09:01:49.759928+00:00,P,88.37,1.0,P,88.18,1.0,['R'],C,88.275
GOOG,2023-01-09 09:01:50.261201+00:00,T,88.44,1.0,P,88.18,1.0,['R'],C,88.31
GOOG,2023-01-09 09:01:50.261740+00:00,T,88.44,1.0,P,88.17,22.0,['R'],C,88.305
GOOG,2023-01-09 09:01:57.545480+00:00,T,88.44,1.0,P,88.19,1.0,['R'],C,88.315
GOOG,2023-01-09 09:01:57.545621+00:00,T,88.44,1.0,P,88.17,22.0,['R'],C,88.305
GOOG,2023-01-09 09:01:59.246717+00:00,T,88.44,2.0,P,88.17,22.0,['R'],C,88.305
GOOG,2023-01-09 09:01:59.305072+00:00,T,88.44,1.0,P,88.17,22.0,['R'],C,88.305
GOOG,2023-01-09 09:01:59.717473+00:00,T,88.44,1.0,P,88.17,23.0,['R'],C,88.305
GOOG,2023-01-09 09:02:05.189603+00:00,T,88.44,1.0,P,88.17,22.0,['R'],C,88.305
GOOG,2023-01-09 09:02:05.189666+00:00,T,88.44,1.0,P,88.2,1.0,['R'],C,88.32
GOOG,2023-01-09 09:02:07.259589+00:00,T,88.44,1.0,P,88.21,1.0,['R'],C,88.32499999999999
GOOG,2023-01-09 09:02:07.280002+00:00,P,88.37,1.0,P,88.21,1.0,['R'],C,88.28999999999999
GOOG,2023-01-09 09:02:08.061708+00:00,P,88.37,1.0,P,88.2,1.0,['R'],C,88.285
GOOG,2023-01-09 09:02:08.061760+00:00,T,88.44,1.0,P,88.2,1.0,['R'],C,88.32
GOOG,2023-01-09 09:02:10.479043+00:00,P,88.37,1.0,P,88.2,1.0,['R'],C,88.285
GOOG,2023-01-09 09:02:10.550981+00:00,P,88.37,1.0,P,88.21,1.0,['R'],C,88.28999999999999
GOOG,2023-01-09 09:02:11.090444+00:00,P,88.37,1.0,P,88.2,1.0,['R'],C,88.285
GOOG,2023-01-09 09:02:11.090537+00:00,T,88.44,1.0,P,88.2,1.0,['R'],C,88.32
GOOG,2023-01-09 09:02:11.494516+00:00,T,88.44,1.0,P,88.21,1.0,['R'],C,88.32499999999999
GOOG,2023-01-09 09:02:11.496929+00:00,P,88.37,1.0,P,88.21,1.0,['R'],C,88.28999999999999
GOOG,2023-01-09 09:02:11.498738+00:00,P,88.37,1.0,P,88.2,1.0,['R'],C,88.285
GOOG,2023-01-09 09:02:11.507226+00:00,T,88.44,1.0,P,88.2,1.0,['R'],C,88.32
GOOG,2023-01-09 09:02:11.615205+00:00,T,88.44,1.0,P,88.17,22.0,['R'],C,88.305
GOOG,2023-01-09 09:02:11.615339+00:00,T,88.44,1.0,P,88.21,1.0,['R'],C,88.32499999999999
GOOG,2023-01-09 09:02:11.813868+00:00,T,88.44,1.0,P,88.22,1.0,['R'],C,88.33
GOOG,2023-01-09 09:02:11.816466+00:00,P,88.37,1.0,P,88.22,1.0,['R'],C,88.295
GOOG,2023-01-09 09:02:11.823313+00:00,P,88.37,1.0,P,88.21,1.0,['R'],C,88.28999999999999
GOOG,2023-01-09 09:02:11.824914+00:00,T,88.44,1.0,P,88.21,1.0,['R'],C,88.32499999999999
GOOG,2023-01-09 09:02:15.578071+00:00,T,88.44,1.0,P,88.25,1.0,['R'],C,88.345
GOOG,2023-01-09 09:02:15.598056+00:00,P,88.37,1.0,P,88.25,1.0,['R'],C,88.31
GOOG,2023-01-09 09:02:15.711007+00:00,P,88.37,1.0,P,88.21,1.0,['R'],C,88.28999999999999
GOOG,2023-01-09 09:02:15.714523+00:00,P,88.37,1.0,P,88.24,1.0,['R'],C,88.305
GOOG,2023-01-09 09:02:15.845429+00:00,P,88.37,1.0,P,88.21,1.0,['R'],C,88.28999999999999
GOOG,2023-01-09 09:02:15.846071+00:00,T,88.44,1.0,P,88.21,1.0,['R'],C,88.32499999999999
GOOG,2023-01-09 09:02:16.100953+00:00,T,88.44,1.0,P,88.24,1.0,['R'],C,88.34
GOOG,2023-01-09 09:02:16.109810+00:00,P,88.37,1.0,P,88.24,1.0,['R'],C,88.305
GOOG,2023-01-09 09:02:16.109965+00:00,P,88.37,1.0,P,88.21,1.0,['R'],C,88.28999999999999
GOOG,2023-01-09 09:02:16.146584+00:00,T,88.44,1.0,P,88.21,1.0,['R'],C,88.32499999999999
GOOG,2023-01-09 09:02:17.901791+00:00,T,88.44,1.0,P,88.17,22.0,['R'],C,88.305
GOOG,2023-01-09 09:02:17.901871+00:00,T,88.44,1.0,P,88.25,1.0,['R'],C,88.345
GOOG,2023-01-09 09:02:17.902863+00:00,T,88.44,1.0,P,88.17,22.0,['R'],C,88.305
GOOG,2023-01-09 09:02:17.946167+00:00,T,88.44,1.0,P,88.17,23.0,['R'],C,88.305
GOOG,2023-01-09 09:02:17.946224+00:00,T,88.44,1.0,P,88.17,22.0,['R'],C,88.305
GOOG,2023-01-09 09:02:19.273247+00:00,T,88.44,1.0,P,88.19,1.0,['R'],C,88.315
GOOG,2023-01-09 09:02:20.217175+00:00,T,88.5,1.0,P,88.19,1.0,['R'],C,88.345
GOOG,2023-01-09 09:02:20.217190+00:00,T,88.5,2.0,P,88.19,1.0,['R'],C,88.345
GOOG,2023-01-09 09:02:20.219488+00:00,T,88.5,1.0,P,88.19,1.0,['R'],C,88.345
GOOG,2023-01-09 09:02:20.273318+00:00,T,88.44,1.0,P,88.19,1.0,['R'],C,88.315
GOOG,2023-01-09 09:02:20.808553+00:00,T,88.5,1.0,P,88.19,1.0,['R'],C,88.345
GOOG,2023-01-09 09:02:21.010990+00:00,T,88.51,1.0,P,88.19,1.0,['R'],C,88.35
GOOG,2023-01-09 09:02:21.011003+00:00,T,88.56,1.0,P,88.19,1.0,['R'],C,88.375
GOOG,2023-01-09 09:02:21.011015+00:00,T,88.55,1.0,P,88.19,1.0,['R'],C,88.37
GOOG,2023-01-09 09:02:21.117547+00:00,T,88.5,1.0,P,88.19,1.0,['R'],C,88.345
GOOG,2023-01-09 09:02:21.318664+00:00,T,88.56,1.0,P,88.19,1.0,['R'],C,88.375
GOOG,2023-01-09 09:02:21.318681+00:00,T,88.55,1.0,P,88.19,1.0,['R'],C,88.37
GOOG,2023-01-09 09:02:21.423138+00:00,T,88.49,1.0,P,88.19,1.0,['R'],C,88.34
GOOG,2023-01-09 09:02:21.433713+00:00,T,88.56,1.0,P,88.19,1.0,['R'],C,88.375
GOOG,2023-01-09 09:02:21.433729+00:00,T,88.55,1.0,P,88.19,1.0,['R'],C,88.37
GOOG,2023-01-09 09:02:23.269654+00:00,T,88.38,1.0,P,88.19,1.0,['R'],C,88.285
GOOG,2023-01-09 09:02:24.161328+00:00,T,88.38,1.0,P,88.17,22.0,['R'],C,88.275
GOOG,2023-01-09 09:02:24.161420+00:00,T,88.38,1.0,P,88.2,1.0,['R'],C,88.28999999999999
GOOG,2023-01-09 09:02:31.082398+00:00,T,88.45,1.0,P,88.2,1.0,['R'],C,88.325
GOOG,2023-01-09 09:02:31.149999+00:00,T,88.46,1.0,P,88.2,1.0,['R'],C,88.33
GOOG,2023-01-09 09:02:31.150009+00:00,P,88.69,1.0,P,88.2,1.0,['R'],C,88.445
GOOG,2023-01-09 09:02:31.184194+00:00,T,88.38,1.0,P,88.2,1.0,['R'],C,88.28999999999999
GOOG,2023-01-09 09:02:31.451955+00:00,T,88.38,1.0,P,88.17,22.0,['R'],C,88.275
GOOG,2023-01-09 09:02:31.451980+00:00,T,88.38,1.0,P,88.21,1.0,['R'],C,88.29499999999999
GOOG,2023-01-09 09:02:31.994042+00:00,T,88.38,1.0,P,88.17,22.0,['R'],C,88.275
GOOG,2023-01-09 09:02:34.160439+00:00,T,88.38,1.0,P,88.2,1.0,['R'],C,88.28999999999999
GOOG,2023-01-09 09:02:41.873446+00:00,T,88.38,1.0,P,88.17,22.0,['R'],C,88.275
GOOG,2023-01-09 09:02:41.873512+00:00,T,88.38,1.0,P,88.21,1.0,['R'],C,88.29499999999999
GOOG,2023-01-09 09:02:47.629217+00:00,T,88.47,1.0,P,88.21,1.0,['R'],C,88.34
GOOG,2023-01-09 09:02:47.629279+00:00,T,88.47,1.0,P,88.37,21.0,['R'],C,88.42
GOOG,2023-01-09 09:02:47.629353+00:00,T,88.47,1.0,P,88.37,20.0,['R'],C,88.42
GOOG,2023-01-09 09:02:47.629593+00:00,T,88.47,1.0,P,88.37,18.0,['R'],C,88.42
GOOG,2023-01-09 09:02:47.701236+00:00,P,88.69,1.0,P,88.37,18.0,['R'],C,88.53
GOOG,2023-01-09 09:02:47.869111+00:00,T,88.62,1.0,P,88.37,18.0,['R'],C,88.495
GOOG,2023-01-09 09:02:47.970446+00:00,T,88.61,1.0,P,88.37,18.0,['R'],C,88.49000000000001
GOOG,2023-01-09 09:02:48.876944+00:00,T,88.56,1.0,P,88.37,18.0,['R'],C,88.465
GOOG,2023-01-09 09:02:48.983107+00:00,T,88.55,1.0,P,88.37,18.0,['R'],C,88.46000000000001
GOOG,2023-01-09 09:02:49.628043+00:00,T,88.62,1.0,P,88.37,18.0,['R'],C,88.495
GOOG,2023-01-09 09:02:49.631657+00:00,P,88.69,1.0,P,88.37,18.0,['R'],C,88.53
GOOG,2023-01-09 09:02:49.896022+00:00,T,88.68,1.0,P,88.37,18.0,['R'],C,88.525
GOOG,2023-01-09 09:02:50.003833+00:00,T,88.67,1.0,P,88.37,18.0,['R'],C,88.52000000000001
GOOG,2023-01-09 09:02:50.757942+00:00,T,88.62,1.0,P,88.37,18.0,['R'],C,88.495
GOOG,2023-01-09 09:02:50.865274+00:00,T,88.61,1.0,P,88.37,18.0,['R'],C,88.49000000000001
GOOG,2023-01-09 09:02:51.280345+00:00,T,88.61,1.0,P,88.37,19.0,['R'],C,88.49000000000001
GOOG,2023-01-09 09:02:53.293969+00:00,T,88.61,1.0,P,88.37,18.0,['R'],C,88.49000000000001
GOOG,2023-01-09 09:02:53.766297+00:00,T,88.56,1.0,P,88.37,18.0,['R'],C,88.465
GOOG,2023-01-09 09:02:53.867520+00:00,T,88.55,1.0,P,88.37,18.0,['R'],C,88.46000000000001
GOOG,2023-01-09 09:02:55.297242+00:00,T,88.55,1.0,P,88.37,19.0,['R'],C,88.46000000000001
GOOG,2023-01-09 09:02:57.298248+00:00,T,88.55,1.0,P,88.37,18.0,['R'],C,88.46000000000001
GOOG,2023-01-09 09:02:58.145229+00:00,T,88.62,1.0,P,88.37,18.0,['R'],C,88.495
GOOG,2023-01-09 09:02:58.145240+00:00,T,88.61,1.0,P,88.37,18.0,['R'],C,88.49000000000001
GOOG,2023-01-09 09:02:59.301611+00:00,T,88.61,1.0,P,88.37,19.0,['R'],C,88.49000000000001
GOOG,2023-01-09 09:03:01.301934+00:00,T,88.61,1.0,P,88.37,18.0,['R'],C,88.49000000000001
GOOG,2023-01-09 09:03:03.344698+00:00,T,88.61,1.0,P,88.37,19.0,['R'],C,88.49000000000001
GOOG,2023-01-09 09:03:05.148690+00:00,T,88.56,1.0,P,88.37,19.0,['R'],C,88.465
GOOG,2023-01-09 09:03:05.253929+00:00,T,88.55,1.0,P,88.37,19.0,['R'],C,88.46000000000001
GOOG,2023-01-09 09:03:05.348875+00:00,T,88.55,1.0,P,88.37,18.0,['R'],C,88.46000000000001
GOOG,2023-01-09 09:03:06.004918+00:00,T,88.62,1.0,P,88.37,18.0,['R'],C,88.495
GOOG,2023-01-09 09:03:06.004931+00:00,T,88.61,1.0,P,88.37,18.0,['R'],C,88.49000000000001
GOOG,2023-01-09 09:03:07.384862+00:00,T,88.61,1.0,P,88.37,19.0,['R'],C,88.49000000000001
GOOG,2023-01-09 09:03:07.508946+00:00,T,88.68,1.0,P,88.37,19.0,['R'],C,88.525
GOOG,2023-01-09 09:03:07.508961+00:00,T,88.67,1.0,P,88.37,19.0,['R'],C,88.52000000000001
GOOG,2023-01-09 09:03:08.310680+00:00,T,88.62,1.0,P,88.37,19.0,['R'],C,88.495
GOOG,2023-01-09 09:03:08.331034+00:00,T,88.67,1.0,P,88.37,19.0,['R'],C,88.52000000000001
GOOG,2023-01-09 09:03:08.415936+00:00,T,88.61,1.0,P,88.37,19.0,['R'],C,88.49000000000001
GOOG,2023-01-09 09:03:08.534327+00:00,T,88.68,1.0,P,88.37,19.0,['R'],C,88.525
GOOG,2023-01-09 09:03:08.534344+00:00,T,88.67,1.0,P,88.37,19.0,['R'],C,88.52000000000001
GOOG,2023-01-09 09:03:08.645851+00:00,T,88.62,1.0,P,88.37,19.0,['R'],C,88.495
GOOG,2023-01-09 09:03:08.748454+00:00,T,88.61,1.0,P,88.37,19.0,['R'],C,88.49000000000001
GOOG,2023-01-09 09:03:09.385473+00:00,T,88.61,1.0,P,88.37,18.0,['R'],C,88.49000000000001
GOOG,2023-01-09 09:03:11.388987+00:00,T,88.61,1.0,P,88.37,19.0,['R'],C,88.49000000000001
GOOG,2023-01-09 09:03:13.389396+00:00,T,88.61,1.0,P,88.37,18.0,['R'],C,88.49000000000001
GOOG,2023-01-09 09:03:15.392782+00:00,T,88.61,1.0,P,88.37,19.0,['R'],C,88.49000000000001
GOOG,2023-01-09 09:03:17.392741+00:00,T,88.61,1.0,P,88.37,18.0,['R'],C,88.49000000000001
GOOG,2023-01-09 09:03:19.396498+00:00,T,88.61,1.0,P,88.37,19.0,['R'],C,88.49000000000001
GOOG,2023-01-09 09:03:21.395926+00:00,T,88.61,1.0,P,88.37,18.0,['R'],C,88.49000000000001
GOOG,2023-01-09 09:03:23.273088+00:00,T,88.68,1.0,P,88.37,18.0,['R'],C,88.525
GOOG,2023-01-09 09:03:23.273103+00:00,T,88.67,1.0,P,88.37,18.0,['R'],C,88.52000000000001
GOOG,2023-01-09 09:03:23.374180+00:00,T,88.6,1.0,P,88.37,18.0,['R'],C,88.485
GOOG,2023-01-09 09:03:23.399170+00:00,T,88.6,1.0,P,88.37,19.0,['R'],C,88.485
GOOG,2023-01-09 09:03:23.578090+00:00,T,88.68,1.0,P,88.37,19.0,['R'],C,88.525
GOOG,2023-01-09 09:03:23.578105+00:00,T,88.67,1.0,P,88.37,19.0,['R'],C,88.52000000000001
GOOG,2023-01-09 09:03:23.701927+00:00,T,88.68,1.0,P,88.37,19.0,['R'],C,88.525
GOOG,2023-01-09 09:03:25.400494+00:00,T,88.68,1.0,P,88.37,18.0,['R'],C,88.525
GOOG,2023-01-09 09:03:27.404771+00:00,T,88.68,1.0,P,88.37,19.0,['R'],C,88.525
GOOG,2023-01-09 09:03:29.404662+00:00,T,88.68,1.0,P,88.37,18.0,['R'],C,88.525
GOOG,2023-01-09 09:03:31.445056+00:00,T,88.68,1.0,P,88.37,19.0,['R'],C,88.525
GOOG,2023-01-09 09:03:32.704269+00:00,P,88.69,1.0,P,88.37,19.0,['R'],C,88.53
GOOG,2023-01-09 09:03:33.445533+00:00,P,88.69,1.0,P,88.37,18.0,['R'],C,88.53
GOOG,2023-01-09 09:03:35.487305+00:00,P,88.69,1.0,P,88.37,19.0,['R'],C,88.53
GOOG,2023-01-09 09:03:37.487339+00:00,P,88.69,1.0,P,88.37,18.0,['R'],C,88.53
GOOG,2023-01-09 09:03:39.490615+00:00,P,88.69,1.0,P,88.37,19.0,['R'],C,88.53
GOOG,2023-01-09 09:03:41.490578+00:00,P,88.69,1.0,P,88.37,18.0,['R'],C,88.53
GOOG,2023-01-09 09:03:43.532501+00:00,P,88.69,1.0,P,88.37,19.0,['R'],C,88.53
GOOG,2023-01-09 09:03:45.532592+00:00,P,88.69,1.0,P,88.37,18.0,['R'],C,88.53
GOOG,2023-01-09 09:03:47.194569+00:00,P,88.68,1.0,P,88.37,18.0,['R'],C,88.525
GOOG,2023-01-09 09:03:47.196981+00:00,P,88.57,1.0,P,88.37,18.0,['R'],C,88.47
GOOG,2023-01-09 09:03:47.207138+00:00,P,88.69,1.0,P,88.37,18.0,['R'],C,88.53
GOOG,2023-01-09 09:03:47.571420+00:00,P,88.69,1.0,P,88.37,19.0,['R'],C,88.53
GOOG,2023-01-09 09:03:49.570990+00:00,P,88.69,1.0,P,88.37,18.0,['R'],C,88.53
GOOG,2023-01-09 09:03:50.067549+00:00,P,88.68,1.0,P,88.37,18.0,['R'],C,88.525
GOOG,2023-01-09 09:03:50.092693+00:00,P,88.58,1.0,P,88.37,18.0,['R'],C,88.475
GOOG,2023-01-09 09:03:50.203781+00:00,P,88.68,1.0,P,88.37,18.0,['R'],C,88.525
GOOG,2023-01-09 09:03:50.204097+00:00,P,88.69,1.0,P,88.37,18.0,['R'],C,88.53
GOOG,2023-01-09 09:03:51.573882+00:00,P,88.69,1.0,P,88.37,19.0,['R'],C,88.53
GOOG,2023-01-09 09:03:53.574054+00:00,P,88.69,1.0,P,88.37,18.0,['R'],C,88.53
GOOG,2023-01-09 09:03:55.591692+00:00,P,88.69,1.0,P,88.37,19.0,['R'],C,88.53
GOOG,2023-01-09 09:03:57.591276+00:00,P,88.69,1.0,P,88.37,18.0,['R'],C,88.53
GOOG,2023-01-09 09:03:57.819011+00:00,T,88.62,1.0,P,88.37,18.0,['R'],C,88.495
GOOG,2023-01-09 09:03:58.814920+00:00,T,88.61,1.0,P,88.37,18.0,['R'],C,88.49000000000001
GOOG,2023-01-09 09:03:59.634021+00:00,T,88.61,1.0,P,88.37,19.0,['R'],C,88.49000000000001
GOOG,2023-01-09 09:04:01.633980+00:00,T,88.61,1.0,P,88.37,18.0,['R'],C,88.49000000000001
GOOG,2023-01-09 09:04:02.182972+00:00,T,88.61,1.0,P,88.37,19.0,['R'],C,88.49000000000001
GOOG,2023-01-09 09:04:09.679425+00:00,T,88.61,1.0,P,88.37,18.0,['R'],C,88.49000000000001
GOOG,2023-01-09 09:04:10.440361+00:00,P,88.57,1.0,P,88.37,18.0,['R'],C,88.47
GOOG,2023-01-09 09:04:10.563665+00:00,T,88.61,1.0,P,88.37,18.0,['R'],C,88.49000000000001
GOOG,2023-01-09 09:04:11.682520+00:00,T,88.61,1.0,P,88.37,19.0,['R'],C,88.49000000000001
GOOG,2023-01-09 09:04:13.683589+00:00,T,88.61,1.0,P,88.37,18.0,['R'],C,88.49000000000001
GOOG,2023-01-09 09:04:15.015935+00:00,P,88.57,1.0,P,88.37,18.0,['R'],C,88.47
GOOG,2023-01-09 09:04:15.019717+00:00,T,88.61,1.0,P,88.37,18.0,['R'],C,88.49000000000001
GOOG,2023-01-09 09:04:15.259042+00:00,T,88.61,1.0,P,88.37,19.0,['R'],C,88.49000000000001
GOOG,2023-01-09 09:04:15.341419+00:00,P,88.57,1.0,P,88.37,19.0,['R'],C,88.47
GOOG,2023-01-09 09:04:15.377950+00:00,P,88.57,1.0,P,88.37,18.0,['R'],C,88.47
GOOG,2023-01-09 09:04:15.377967+00:00,T,88.61,1.0,P,88.37,18.0,['R'],C,88.49000000000001
GOOG,2023-01-09 09:04:15.687288+00:00,T,88.61,1.0,P,88.37,19.0,['R'],C,88.49000000000001
GOOG,2023-01-09 09:04:17.686312+00:00,T,88.61,1.0,P,88.37,18.0,['R'],C,88.49000000000001
GOOG,2023-01-09 09:04:18.100678+00:00,T,88.61,1.0,P,88.37,19.0,['R'],C,88.49000000000001
GOOG,2023-01-09 09:04:18.111499+00:00,T,88.61,1.0,P,88.37,18.0,['R'],C,88.49000000000001
GOOG,2023-01-09 09:04:18.421410+00:00,T,88.61,1.0,P,88.37,19.0,['R'],C,88.49000000000001
GOOG,2023-01-09 09:04:18.423089+00:00,P,88.55,1.0,P,88.37,19.0,['R'],C,88.46000000000001
GOOG,2023-01-09 09:04:18.532541+00:00,T,88.61,1.0,P,88.37,19.0,['R'],C,88.49000000000001
GOOG,2023-01-09 09:04:18.533421+00:00,T,88.61,1.0,P,88.37,18.0,['R'],C,88.49000000000001
GOOG,2023-01-09 09:04:19.727352+00:00,T,88.61,1.0,P,88.37,19.0,['R'],C,88.49000000000001
GOOG,2023-01-09 09:04:21.727520+00:00,T,88.61,1.0,P,88.37,18.0,['R'],C,88.49000000000001
GOOG,2023-01-09 09:04:22.152565+00:00,T,88.61,1.0,P,88.37,19.0,['R'],C,88.49000000000001
GOOG,2023-01-09 09:04:22.208859+00:00,P,88.55,1.0,P,88.37,19.0,['R'],C,88.46000000000001
GOOG,2023-01-09 09:04:22.871706+00:00,T,88.61,1.0,P,88.37,19.0,['R'],C,88.49000000000001
GOOG,2023-01-09 09:04:22.871774+00:00,T,88.61,1.0,P,88.37,18.0,['R'],C,88.49000000000001
GOOG,2023-01-09 09:04:23.731027+00:00,T,88.61,1.0,P,88.37,19.0,['R'],C,88.49000000000001
GOOG,2023-01-09 09:04:23.793711+00:00,T,88.61,2.0,P,88.37,19.0,['R'],C,88.49000000000001
GOOG,2023-01-09 09:04:24.969474+00:00,T,88.61,1.0,P,88.37,19.0,['R'],C,88.49000000000001
GOOG,2023-01-09 09:04:28.731537+00:00,T,88.61,1.0,P,88.37,18.0,['R'],C,88.49000000000001
GOOG,2023-01-09 09:04:30.774751+00:00,T,88.61,1.0,P,88.37,19.0,['R'],C,88.49000000000001
GOOG,2023-01-09 09:04:35.774649+00:00,T,88.61,1.0,P,88.37,18.0,['R'],C,88.49000000000001
GOOG,2023-01-09 09:04:37.777778+00:00,T,88.61,1.0,P,88.37,19.0,['R'],C,88.49000000000001
GOOG,2023-01-09 09:04:42.778269+00:00,T,88.61,1.0,P,88.37,18.0,['R'],C,88.49000000000001
GOOG,2023-01-09 09:04:44.672690+00:00,K,88.55,1.0,P,88.37,18.0,['R'],C,88.46000000000001
GOOG,2023-01-09 09:04:44.781606+00:00,K,88.55,1.0,P,88.37,19.0,['R'],C,88.46000000000001
GOOG,2023-01-09 09:04:49.781822+00:00,K,88.55,1.0,P,88.37,18.0,['R'],C,88.46000000000001
GOOG,2023-01-09 09:04:51.785036+00:00,K,88.55,1.0,P,88.37,19.0,['R'],C,88.46000000000001
GOOG,2023-01-09 09:04:56.785946+00:00,K,88.55,1.0,P,88.37,18.0,['R'],C,88.46000000000001
GOOG,2023-01-09 09:04:58.789132+00:00,K,88.55,1.0,P,88.37,19.0,['R'],C,88.46000000000001
GOOG,2023-01-09 09:04:59.572251+00:00,K,88.55,1.0,P,88.38,1.0,['R'],C,88.465
GOOG,2023-01-09 09:05:01.084029+00:00,K,88.55,1.0,P,88.37,19.0,['R'],C,88.46000000000001
GOOG,2023-01-09 09:05:03.790377+00:00,K,88.55,1.0,P,88.37,18.0,['R'],C,88.46000000000001
GOOG,2023-01-09 09:05:05.793901+00:00,K,88.55,1.0,P,88.37,19.0,['R'],C,88.46000000000001
GOOG,2023-01-09 09:05:07.381564+00:00,K,88.55,1.0,T,88.36,1.0,['R'],C,88.455
GOOG,2023-01-09 09:05:09.531931+00:00,K,88.55,1.0,P,88.38,1.0,['R'],C,88.465
GOOG,2023-01-09 09:05:09.587872+00:00,P,88.54,1.0,P,88.38,1.0,['R'],C,88.46000000000001
GOOG,2023-01-09 09:05:11.514964+00:00,K,88.55,1.0,P,88.38,1.0,['R'],C,88.465
GOOG,2023-01-09 09:05:11.515769+00:00,K,88.55,1.0,P,88.35,1.0,['R'],C,88.44999999999999
GOOG,2023-01-09 09:05:11.515871+00:00,K,88.55,1.0,T,88.27,1.0,['R'],C,88.41
GOOG,2023-01-09 09:05:12.805261+00:00,K,88.55,1.0,P,88.3,1.0,['R'],C,88.425
GOOG,2023-01-09 09:05:15.479295+00:00,K,88.55,1.0,T,88.27,1.0,['R'],C,88.41
GOOG,2023-01-09 09:05:15.479373+00:00,K,88.55,1.0,P,88.32,1.0,['R'],C,88.435
GOOG,2023-01-09 09:05:17.803421+00:00,K,88.55,1.0,T,88.27,1.0,['R'],C,88.41
GOOG,2023-01-09 09:05:19.845271+00:00,K,88.55,1.0,P,88.32,1.0,['R'],C,88.435
GOOG,2023-01-09 09:05:20.073381+00:00,K,88.55,1.0,P,88.55,24.0,['R'],C,88.55
GOOG,2023-01-09 09:05:20.073698+00:00,T,88.61,1.0,P,88.55,24.0,['R'],C,88.58
GOOG,2023-01-09 09:05:20.073856+00:00,T,88.61,1.0,P,88.55,23.0,['R'],C,88.58
GOOG,2023-01-09 09:05:20.073967+00:00,T,88.61,1.0,P,88.55,21.0,['R'],C,88.58
GOOG,2023-01-09 09:05:20.073973+00:00,T,88.61,1.0,P,88.55,20.0,['R'],C,88.58
GOOG,2023-01-09 09:05:20.073989+00:00,T,88.61,1.0,P,88.55,19.0,['R'],C,88.58
GOOG,2023-01-09 09:05:20.074010+00:00,T,88.61,1.0,P,88.55,18.0,['R'],C,88.58
GOOG,2023-01-09 09:05:20.074059+00:00,T,88.61,1.0,P,88.55,17.0,['R'],C,88.58
GOOG,2023-01-09 09:05:20.074214+00:00,T,88.61,1.0,P,88.55,16.0,['R'],C,88.58
GOOG,2023-01-09 09:05:20.074510+00:00,T,88.61,1.0,P,88.55,18.0,['R'],C,88.58
GOOG,2023-01-09 09:05:20.074525+00:00,T,88.61,1.0,P,88.55,19.0,['R'],C,88.58
GOOG,2023-01-09 09:05:20.074536+00:00,T,88.61,1.0,P,88.55,20.0,['R'],C,88.58
GOOG,2023-01-09 09:05:20.074568+00:00,T,88.61,1.0,P,88.55,21.0,['R'],C,88.58
GOOG,2023-01-09 09:05:20.074587+00:00,T,88.61,1.0,P,88.55,22.0,['R'],C,88.58
GOOG,2023-01-09 09:05:20.250666+00:00,T,88.61,1.0,P,88.55,19.0,['R'],C,88.58
GOOG,2023-01-09 09:05:20.274661+00:00,T,88.68,1.0,P,88.55,19.0,['R'],C,88.61500000000001
GOOG,2023-01-09 09:05:20.274674+00:00,T,88.67,1.0,P,88.55,19.0,['R'],C,88.61
GOOG,2023-01-09 09:05:22.112058+00:00,T,88.62,1.0,P,88.55,19.0,['R'],C,88.58500000000001
GOOG,2023-01-09 09:05:22.230724+00:00,T,88.61,1.0,P,88.55,19.0,['R'],C,88.58
GOOG,2023-01-09 09:05:23.847732+00:00,T,88.61,1.0,P,88.55,20.0,['R'],C,88.58
GOOG,2023-01-09 09:05:25.847782+00:00,T,88.61,1.0,P,88.55,19.0,['R'],C,88.58
GOOG,2023-01-09 09:05:27.888746+00:00,T,88.61,1.0,P,88.55,20.0,['R'],C,88.58
GOOG,2023-01-09 09:05:29.888385+00:00,T,88.61,1.0,P,88.55,19.0,['R'],C,88.58
GOOG,2023-01-09 09:05:31.929565+00:00,T,88.61,1.0,P,88.55,20.0,['R'],C,88.58
GOOG,2023-01-09 09:05:33.929252+00:00,T,88.61,1.0,P,88.55,19.0,['R'],C,88.58
GOOG,2023-01-09 09:05:35.934382+00:00,T,88.61,1.0,P,88.55,20.0,['R'],C,88.58
GOOG,2023-01-09 09:05:37.933460+00:00,T,88.61,1.0,P,88.55,19.0,['R'],C,88.58
GOOG,2023-01-09 09:05:39.936833+00:00,T,88.61,1.0,P,88.55,20.0,['R'],C,88.58
GOOG,2023-01-09 09:05:40.340547+00:00,T,88.62,1.0,P,88.55,20.0,['R'],C,88.58500000000001
GOOG,2023-01-09 09:05:40.340703+00:00,P,88.74,1.0,P,88.55,20.0,['R'],C,88.645
GOOG,2023-01-09 09:05:41.936934+00:00,P,88.74,1.0,P,88.55,19.0,['R'],C,88.645
GOOG,2023-01-09 09:05:43.978742+00:00,P,88.74,1.0,P,88.55,20.0,['R'],C,88.645
GOOG,2023-01-09 09:05:45.978430+00:00,P,88.74,1.0,P,88.55,19.0,['R'],C,88.645
GOOG,2023-01-09 09:05:48.020124+00:00,P,88.74,1.0,P,88.55,20.0,['R'],C,88.645
GOOG,2023-01-09 09:05:48.494527+00:00,P,88.67,1.0,P,88.55,20.0,['R'],C,88.61
GOOG,2023-01-09 09:05:48.548298+00:00,T,88.73,1.0,P,88.55,20.0,['R'],C,88.64
GOOG,2023-01-09 09:05:51.844600+00:00,P,88.66,1.0,P,88.55,20.0,['R'],C,88.60499999999999
GOOG,2023-01-09 09:05:51.846220+00:00,P,88.66,1.0,P,88.55,19.0,['R'],C,88.60499999999999
GOOG,2023-01-09 09:05:52.495474+00:00,T,88.73,1.0,P,88.55,19.0,['R'],C,88.64
GOOG,2023-01-09 09:05:53.855960+00:00,T,88.73,1.0,P,88.55,20.0,['R'],C,88.64
GOOG,2023-01-09 09:05:54.674666+00:00,T,88.73,1.0,P,88.55,19.0,['R'],C,88.64
GOOG,2023-01-09 09:05:56.842549+00:00,P,88.74,1.0,P,88.55,19.0,['R'],C,88.645
GOOG,2023-01-09 09:05:57.831226+00:00,T,88.73,1.0,P,88.55,19.0,['R'],C,88.64
GOOG,2023-01-09 09:05:58.851832+00:00,P,88.74,1.0,P,88.55,19.0,['R'],C,88.645
GOOG,2023-01-09 09:05:58.959233+00:00,T,88.72,1.0,P,88.55,19.0,['R'],C,88.63499999999999
GOOG,2023-01-09 09:05:59.056808+00:00,P,88.74,1.0,P,88.55,19.0,['R'],C,88.645
GOOG,2023-01-09 09:06:01.336757+00:00,T,88.73,1.0,P,88.55,19.0,['R'],C,88.64
GOOG,2023-01-09 09:06:04.428707+00:00,P,88.67,1.0,P,88.55,19.0,['R'],C,88.61
GOOG,2023-01-09 09:06:09.427303+00:00,T,88.73,1.0,P,88.55,19.0,['R'],C,88.64
GOOG,2023-01-09 09:06:09.427418+00:00,P,88.7,1.0,P,88.55,19.0,['R'],C,88.625
GOOG,2023-01-09 09:06:09.438722+00:00,P,88.65,1.0,P,88.55,19.0,['R'],C,88.6
GOOG,2023-01-09 09:06:16.888935+00:00,P,88.67,1.0,P,88.55,19.0,['R'],C,88.61
GOOG,2023-01-09 09:06:16.905582+00:00,P,88.64,1.0,P,88.55,19.0,['R'],C,88.595
GOOG,2023-01-09 09:06:34.292891+00:00,P,88.66,1.0,P,88.55,19.0,['R'],C,88.60499999999999
GOOG,2023-01-09 09:06:34.304004+00:00,P,88.63,1.0,P,88.55,19.0,['R'],C,88.59
GOOG,2023-01-09 09:06:37.784829+00:00,P,88.63,1.0,P,88.55,14.0,['R'],C,88.59
GOOG,2023-01-09 09:06:37.784949+00:00,P,88.63,1.0,P,88.46,1.0,['R'],C,88.54499999999999
GOOG,2023-01-09 09:06:37.786740+00:00,P,88.63,1.0,T,88.4,1.0,['R'],C,88.515
GOOG,2023-01-09 09:06:37.789299+00:00,P,88.63,1.0,P,88.42,1.0,['R'],C,88.525
GOOG,2023-01-09 09:06:37.853024+00:00,P,88.63,1.0,T,88.4,1.0,['R'],C,88.515
GOOG,2023-01-09 09:06:37.990145+00:00,P,88.63,1.0,P,88.36,1.0,['R'],C,88.495
GOOG,2023-01-09 09:06:39.295416+00:00,T,88.65,1.0,P,88.36,1.0,['R'],C,88.505
GOOG,2023-01-09 09:06:39.295524+00:00,P,88.63,1.0,P,88.36,1.0,['R'],C,88.495
GOOG,2023-01-09 09:06:39.336612+00:00,P,88.57,1.0,P,88.36,1.0,['R'],C,88.465
GOOG,2023-01-09 09:06:44.337406+00:00,T,88.61,1.0,P,88.36,1.0,['R'],C,88.485
GOOG,2023-01-09 09:06:44.341066+00:00,P,88.55,1.0,P,88.36,1.0,['R'],C,88.455
GOOG,2023-01-09 09:06:49.340016+00:00,T,88.55,1.0,P,88.36,1.0,['R'],C,88.455
GOOG,2023-01-09 09:06:49.381779+00:00,P,88.5,1.0,P,88.36,1.0,['R'],C,88.43
GOOG,2023-01-09 09:07:00.274858+00:00,T,88.55,1.0,P,88.36,1.0,['R'],C,88.455
GOOG,2023-01-09 09:07:00.292759+00:00,P,88.52,1.0,P,88.36,1.0,['R'],C,88.44
GOOG,2023-01-09 09:07:06.469578+00:00,T,88.55,1.0,P,88.36,1.0,['R'],C,88.455
GOOG,2023-01-09 09:07:06.501433+00:00,P,88.52,1.0,P,88.36,1.0,['R'],C,88.44
GOOG,2023-01-09 09:07:11.501345+00:00,T,88.53,1.0,P,88.36,1.0,['R'],C,88.445
GOOG,2023-01-09 09:07:11.506581+00:00,P,88.51,1.0,P,88.36,1.0,['R'],C,88.435
GOOG,2023-01-09 09:07:12.965649+00:00,T,88.49,1.0,P,88.36,1.0,['R'],C,88.425
GOOG,2023-01-09 09:07:30.791481+00:00,P,88.48,1.0,P,88.36,1.0,['R'],C,88.42
GOOG,2023-01-09 09:07:39.551008+00:00,P,88.48,1.0,T,88.4,1.0,['R'],C,88.44
GOOG,2023-01-09 09:07:47.197057+00:00,P,88.48,1.0,P,88.36,1.0,['R'],C,88.42
GOOG,2023-01-09 09:07:47.198379+00:00,P,88.48,1.0,T,88.42,1.0,['R'],C,88.45
GOOG,2023-01-09 09:07:51.763425+00:00,T,88.48,1.0,T,88.42,1.0,['R'],C,88.45
GOOG,2023-01-09 09:07:51.763846+00:00,P,88.42,4.0,T,88.42,1.0,['R'],C,88.42
GOOG,2023-01-09 09:07:51.763930+00:00,P,88.42,4.0,P,88.36,1.0,['R'],C,88.39
GOOG,2023-01-09 09:07:51.765917+00:00,P,88.42,4.0,P,88.28,1.0,['R'],C,88.35
GOOG,2023-01-09 09:07:51.765991+00:00,P,88.42,4.0,T,88.27,1.0,['R'],C,88.345
GOOG,2023-01-09 09:07:51.799020+00:00,P,88.41,1.0,T,88.27,1.0,['R'],C,88.34
GOOG,2023-01-09 09:07:51.806922+00:00,P,88.41,1.0,P,88.31,1.0,['R'],C,88.36
GOOG,2023-01-09 09:07:51.836401+00:00,P,88.41,1.0,T,88.27,1.0,['R'],C,88.34
GOOG,2023-01-09 09:07:51.836973+00:00,P,88.41,1.0,P,88.27,1.0,['R'],C,88.34
GOOG,2023-01-09 09:07:51.864275+00:00,P,88.41,1.0,P,88.28,1.0,['R'],C,88.345
GOOG,2023-01-09 09:07:56.340353+00:00,T,88.49,2.0,P,88.28,1.0,['R'],C,88.38499999999999
GOOG,2023-01-09 09:07:56.344098+00:00,T,88.49,2.0,P,88.26,1.0,['R'],C,88.375
GOOG,2023-01-09 09:07:56.344613+00:00,P,88.42,1.0,P,88.26,1.0,['R'],C,88.34
GOOG,2023-01-09 09:07:56.390132+00:00,P,88.42,1.0,P,88.27,1.0,['R'],C,88.345
GOOG,2023-01-09 09:08:05.143902+00:00,P,88.42,1.0,P,88.27,2.0,['R'],C,88.345
GOOG,2023-01-09 09:08:08.139674+00:00,P,88.42,1.0,P,88.27,1.0,['R'],C,88.345
GOOG,2023-01-09 09:08:08.168766+00:00,P,88.42,1.0,P,88.28,1.0,['R'],C,88.35
GOOG,2023-01-09 09:08:08.976521+00:00,T,88.43,1.0,P,88.28,1.0,['R'],C,88.355
GOOG,2023-01-09 09:08:09.016877+00:00,P,88.41,1.0,P,88.28,1.0,['R'],C,88.345
GOOG,2023-01-09 09:08:15.273604+00:00,P,88.41,1.0,P,88.28,2.0,['R'],C,88.345
GOOG,2023-01-09 09:08:20.931559+00:00,P,88.41,1.0,P,88.28,1.0,['R'],C,88.345
GOOG,2023-01-09 09:08:23.180192+00:00,P,88.41,1.0,P,88.26,1.0,['R'],C,88.33500000000001
GOOG,2023-01-09 09:08:23.180404+00:00,P,88.41,1.0,T,88.21,1.0,['R'],C,88.31
GOOG,2023-01-09 09:08:23.195999+00:00,P,88.41,1.0,P,88.27,1.0,['R'],C,88.34
GOOG,2023-01-09 09:08:23.196164+00:00,P,88.41,1.0,P,88.31,1.0,['R'],C,88.36
GOOG,2023-01-09 09:08:24.507482+00:00,P,88.41,1.0,P,88.27,1.0,['R'],C,88.34
GOOG,2023-01-09 09:08:24.509619+00:00,P,88.41,1.0,T,88.21,1.0,['R'],C,88.31
GOOG,2023-01-09 09:08:24.517460+00:00,P,88.41,1.0,P,88.26,1.0,['R'],C,88.33500000000001
GOOG,2023-01-09 09:08:24.518293+00:00,P,88.41,1.0,P,88.26,2.0,['R'],C,88.33500000000001
GOOG,2023-01-09 09:08:30.269256+00:00,P,88.41,1.0,K,88.3,1.0,['R'],C,88.35499999999999
GOOG,2023-01-09 09:08:41.089316+00:00,T,88.43,1.0,K,88.3,1.0,['R'],C,88.36500000000001
GOOG,2023-01-09 09:08:41.091870+00:00,P,88.4,1.0,K,88.3,1.0,['R'],C,88.35
GOOG,2023-01-09 09:08:44.412296+00:00,P,88.4,1.0,P,88.27,1.0,['R'],C,88.33500000000001
GOOG,2023-01-09 09:08:44.413538+00:00,P,88.4,1.0,K,88.35,1.0,['R'],C,88.375
GOOG,2023-01-09 09:08:44.416716+00:00,P,88.35,4.0,K,88.35,1.0,['R'],C,88.35
GOOG,2023-01-09 09:08:44.416889+00:00,P,88.35,4.0,P,88.27,1.0,['R'],C,88.31
GOOG,2023-01-09 09:08:44.417024+00:00,P,88.35,3.0,P,88.27,1.0,['R'],C,88.31
GOOG,2023-01-09 09:08:44.419318+00:00,P,88.35,3.0,K,88.26,1.0,['R'],C,88.305
GOOG,2023-01-09 09:08:44.516396+00:00,P,88.4,1.0,K,88.26,1.0,['R'],C,88.33000000000001
GOOG,2023-01-09 09:08:47.607246+00:00,T,88.42,1.0,K,88.26,1.0,['R'],C,88.34
GOOG,2023-01-09 09:08:47.648567+00:00,P,88.39,1.0,K,88.26,1.0,['R'],C,88.325
GOOG,2023-01-09 09:08:48.668718+00:00,P,88.39,1.0,P,88.25,1.0,['R'],C,88.32
GOOG,2023-01-09 09:08:49.805341+00:00,P,88.39,1.0,P,88.27,1.0,['R'],C,88.33
GOOG,2023-01-09 09:08:49.806770+00:00,P,88.39,1.0,P,88.29,1.0,['R'],C,88.34
GOOG,2023-01-09 09:08:54.418934+00:00,P,88.39,1.0,P,88.28,1.0,['R'],C,88.33500000000001
GOOG,2023-01-09 09:08:55.469301+00:00,P,88.39,1.0,P,88.28,2.0,['R'],C,88.33500000000001
GOOG,2023-01-09 09:08:55.469390+00:00,P,88.39,1.0,P,88.28,1.0,['R'],C,88.33500000000001
GOOG,2023-01-09 09:08:57.202803+00:00,T,88.43,1.0,P,88.28,1.0,['R'],C,88.355
GOOG,2023-01-09 09:08:57.453409+00:00,P,88.4,1.0,P,88.28,1.0,['R'],C,88.34
GOOG,2023-01-09 09:09:01.621998+00:00,T,88.43,1.0,P,88.28,1.0,['R'],C,88.355
GOOG,2023-01-09 09:09:01.622148+00:00,T,88.43,1.0,P,88.28,2.0,['R'],C,88.355
GOOG,2023-01-09 09:09:01.622221+00:00,T,88.43,1.0,P,88.3,1.0,['R'],C,88.36500000000001
GOOG,2023-01-09 09:09:01.664063+00:00,P,88.41,1.0,P,88.3,1.0,['R'],C,88.35499999999999
GOOG,2023-01-09 09:09:02.902920+00:00,P,88.41,1.0,P,88.28,2.0,['R'],C,88.345
GOOG,2023-01-09 09:09:04.162911+00:00,P,88.41,1.0,P,88.3,1.0,['R'],C,88.35499999999999
GOOG,2023-01-09 09:09:06.663814+00:00,T,88.43,1.0,P,88.3,1.0,['R'],C,88.36500000000001
GOOG,2023-01-09 09:09:06.666710+00:00,P,88.41,1.0,P,88.3,1.0,['R'],C,88.35499999999999
GOOG,2023-01-09 09:09:13.824639+00:00,T,88.43,1.0,P,88.3,1.0,['R'],C,88.36500000000001
GOOG,2023-01-09 09:09:13.824744+00:00,T,88.43,1.0,P,88.29,1.0,['R'],C,88.36000000000001
GOOG,2023-01-09 09:09:13.866860+00:00,P,88.4,1.0,P,88.29,1.0,['R'],C,88.345
GOOG,2023-01-09 09:09:22.086702+00:00,P,88.4,1.0,P,88.28,2.0,['R'],C,88.34
GOOG,2023-01-09 09:09:22.088791+00:00,T,88.43,1.0,P,88.28,2.0,['R'],C,88.355
GOOG,2023-01-09 09:09:22.099445+00:00,P,88.4,1.0,P,88.28,2.0,['R'],C,88.34
GOOG,2023-01-09 09:09:25.454473+00:00,P,88.4,1.0,P,88.29,1.0,['R'],C,88.345
GOOG,2023-01-09 09:09:28.510020+00:00,P,88.4,1.0,P,88.28,2.0,['R'],C,88.34
GOOG,2023-01-09 09:09:30.082957+00:00,T,88.43,1.0,P,88.28,2.0,['R'],C,88.355
GOOG,2023-01-09 09:09:30.083075+00:00,T,88.43,1.0,P,88.3,1.0,['R'],C,88.36500000000001
GOOG,2023-01-09 09:09:30.102617+00:00,P,88.39,1.0,P,88.3,1.0,['R'],C,88.345
GOOG,2023-01-09 09:09:33.512131+00:00,P,88.39,1.0,P,88.28,2.0,['R'],C,88.33500000000001
GOOG,2023-01-09 09:09:35.102195+00:00,T,88.43,1.0,P,88.28,2.0,['R'],C,88.355
GOOG,2023-01-09 09:09:35.102298+00:00,T,88.43,1.0,P,88.28,1.0,['R'],C,88.355
GOOG,2023-01-09 09:09:35.105553+00:00,P,88.39,1.0,P,88.28,1.0,['R'],C,88.33500000000001
GOOG,2023-01-09 09:09:49.410050+00:00,P,88.39,1.0,P,88.26,1.0,['R'],C,88.325
GOOG,2023-01-09 09:09:51.770045+00:00,P,88.39,1.0,P,88.23,1.0,['R'],C,88.31
GOOG,2023-01-09 09:09:52.037409+00:00,P,88.39,1.0,P,88.24,1.0,['R'],C,88.315
GOOG,2023-01-09 09:09:54.814015+00:00,P,88.39,1.0,P,88.25,1.0,['R'],C,88.32
GOOG,2023-01-09 09:09:55.807174+00:00,T,88.42,1.0,P,88.25,1.0,['R'],C,88.33500000000001
GOOG,2023-01-09 09:09:55.809306+00:00,T,88.43,1.0,P,88.25,1.0,['R'],C,88.34
GOOG,2023-01-09 09:09:55.809364+00:00,T,88.42,1.0,P,88.25,1.0,['R'],C,88.33500000000001
GOOG,2023-01-09 09:09:55.810298+00:00,P,88.38,1.0,P,88.25,1.0,['R'],C,88.315
GOOG,2023-01-09 09:10:05.161900+00:00,T,88.42,1.0,P,88.25,1.0,['R'],C,88.33500000000001
GOOG,2023-01-09 09:10:05.169837+00:00,P,88.36,1.0,P,88.25,1.0,['R'],C,88.305
GOOG,2023-01-09 09:10:08.242913+00:00,T,88.42,1.0,P,88.25,1.0,['R'],C,88.33500000000001
GOOG,2023-01-09 09:10:08.245884+00:00,P,88.37,1.0,P,88.25,1.0,['R'],C,88.31
GOOG,2023-01-09 09:10:18.396112+00:00,P,88.37,1.0,T,88.22,1.0,['R'],C,88.295
GOOG,2023-01-09 09:10:18.399913+00:00,P,88.37,1.0,P,88.23,1.0,['R'],C,88.30000000000001
GOOG,2023-01-09 09:10:28.568165+00:00,P,88.37,1.0,P,88.24,1.0,['R'],C,88.305
GOOG,2023-01-09 09:10:28.571702+00:00,P,88.37,1.0,P,88.25,1.0,['R'],C,88.31
GOOG,2023-01-09 09:10:34.021983+00:00,T,88.42,1.0,P,88.25,1.0,['R'],C,88.33500000000001
GOOG,2023-01-09 09:10:34.024699+00:00,P,88.37,1.0,P,88.25,1.0,['R'],C,88.31
GOOG,2023-01-09 09:10:39.680001+00:00,T,88.42,1.0,P,88.25,1.0,['R'],C,88.33500000000001
GOOG,2023-01-09 09:10:39.692765+00:00,P,88.38,1.0,P,88.25,1.0,['R'],C,88.315
GOOG,2023-01-09 09:10:44.597863+00:00,P,88.38,1.0,P,88.23,1.0,['R'],C,88.305
GOOG,2023-01-09 09:10:44.639755+00:00,P,88.38,1.0,P,88.24,1.0,['R'],C,88.31
GOOG,2023-01-09 09:10:44.692980+00:00,T,88.42,1.0,P,88.24,1.0,['R'],C,88.33
GOOG,2023-01-09 09:10:44.696399+00:00,P,88.37,1.0,P,88.24,1.0,['R'],C,88.305
GOOG,2023-01-09 09:10:52.036786+00:00,P,88.37,1.0,T,88.35,2.0,['R'],C,88.36
GOOG,2023-01-09 09:10:52.039018+00:00,P,88.37,1.0,T,88.35,1.0,['R'],C,88.36
GOOG,2023-01-09 09:10:52.039082+00:00,P,88.35,3.0,T,88.35,1.0,['R'],C,88.35
GOOG,2023-01-09 09:10:52.039164+00:00,P,88.35,3.0,P,88.24,1.0,['R'],C,88.29499999999999
GOOG,2023-01-09 09:10:52.079734+00:00,P,88.34,1.0,P,88.24,1.0,['R'],C,88.28999999999999
GOOG,2023-01-09 09:10:59.786116+00:00,T,88.42,1.0,P,88.24,1.0,['R'],C,88.33
GOOG,2023-01-09 09:10:59.786235+00:00,T,88.42,1.0,P,88.24,2.0,['R'],C,88.33
GOOG,2023-01-09 09:10:59.787534+00:00,T,88.42,1.0,P,88.24,1.0,['R'],C,88.33
GOOG,2023-01-09 09:10:59.788882+00:00,P,88.36,1.0,P,88.24,1.0,['R'],C,88.3
GOOG,2023-01-09 09:10:59.789742+00:00,P,88.36,1.0,P,88.25,1.0,['R'],C,88.305
GOOG,2023-01-09 09:10:59.789824+00:00,P,88.36,1.0,P,88.25,2.0,['R'],C,88.305
GOOG,2023-01-09 09:11:09.790144+00:00,P,88.36,1.0,P,88.25,1.0,['R'],C,88.305
GOOG,2023-01-09 09:11:09.792749+00:00,P,88.36,1.0,P,88.26,1.0,['R'],C,88.31
GOOG,2023-01-09 09:11:12.363145+00:00,T,88.42,1.0,P,88.26,1.0,['R'],C,88.34
GOOG,2023-01-09 09:11:12.405020+00:00,P,88.39,1.0,P,88.26,1.0,['R'],C,88.325
GOOG,2023-01-09 09:11:16.695201+00:00,P,88.39,1.0,P,88.23,1.0,['R'],C,88.31
GOOG,2023-01-09 09:11:16.698088+00:00,P,88.39,1.0,P,88.24,1.0,['R'],C,88.315
GOOG,2023-01-09 09:11:17.405024+00:00,T,88.42,1.0,P,88.24,1.0,['R'],C,88.33
GOOG,2023-01-09 09:11:17.408618+00:00,P,88.38,1.0,P,88.24,1.0,['R'],C,88.31
GOOG,2023-01-09 09:11:23.700091+00:00,P,88.38,1.0,P,88.24,2.0,['R'],C,88.31
GOOG,2023-01-09 09:11:23.700162+00:00,P,88.38,1.0,P,88.25,1.0,['R'],C,88.315
GOOG,2023-01-09 09:11:26.701816+00:00,P,88.38,1.0,P,88.26,1.0,['R'],C,88.32
GOOG,2023-01-09 09:11:31.634949+00:00,T,88.42,1.0,P,88.26,1.0,['R'],C,88.34
GOOG,2023-01-09 09:11:31.635119+00:00,T,88.42,1.0,P,88.27,1.0,['R'],C,88.345
GOOG,2023-01-09 09:11:31.642472+00:00,P,88.39,1.0,P,88.27,1.0,['R'],C,88.33
GOOG,2023-01-09 09:11:31.841975+00:00,P,88.39,1.0,P,88.26,1.0,['R'],C,88.325
GOOG,2023-01-09 09:11:36.435421+00:00,T,88.42,1.0,P,88.26,1.0,['R'],C,88.34
GOOG,2023-01-09 09:11:36.435542+00:00,T,88.42,1.0,P,88.26,2.0,['R'],C,88.34
GOOG,2023-01-09 09:11:36.444712+00:00,P,88.41,1.0,P,88.26,2.0,['R'],C,88.33500000000001
GOOG,2023-01-09 09:11:36.701764+00:00,P,88.41,1.0,P,88.26,1.0,['R'],C,88.33500000000001
GOOG,2023-01-09 09:11:36.704722+00:00,P,88.41,1.0,P,88.27,1.0,['R'],C,88.34
GOOG,2023-01-09 09:11:41.445176+00:00,T,88.42,1.0,P,88.27,1.0,['R'],C,88.345
GOOG,2023-01-09 09:11:41.491353+00:00,P,88.4,1.0,P,88.27,1.0,['R'],C,88.33500000000001
GOOG,2023-01-09 09:11:43.516028+00:00,P,88.4,1.0,P,88.27,2.0,['R'],C,88.33500000000001
GOOG,2023-01-09 09:11:45.698807+00:00,T,88.42,1.0,P,88.27,2.0,['R'],C,88.345
GOOG,2023-01-09 09:11:45.701862+00:00,P,88.41,1.0,P,88.27,2.0,['R'],C,88.34
GOOG,2023-01-09 09:11:50.701675+00:00,T,88.42,1.0,P,88.27,2.0,['R'],C,88.345
GOOG,2023-01-09 09:11:50.705113+00:00,P,88.4,1.0,P,88.27,2.0,['R'],C,88.33500000000001
GOOG,2023-01-09 09:11:54.563006+00:00,P,88.4,1.0,P,88.27,1.0,['R'],C,88.33500000000001
GOOG,2023-01-09 09:11:54.563029+00:00,P,88.4,1.0,T,88.23,2.0,['R'],C,88.315
GOOG,2023-01-09 09:11:54.604394+00:00,P,88.4,1.0,P,88.24,1.0,['R'],C,88.32
GOOG,2023-01-09 09:11:54.605231+00:00,P,88.4,1.0,P,88.26,1.0,['R'],C,88.33000000000001
GOOG,2023-01-09 09:11:58.844223+00:00,P,88.4,1.0,P,88.27,1.0,['R'],C,88.33500000000001
GOOG,2023-01-09 09:12:01.081348+00:00,T,88.42,1.0,P,88.27,1.0,['R'],C,88.345
GOOG,2023-01-09 09:12:01.087061+00:00,P,88.41,1.0,P,88.27,1.0,['R'],C,88.34
GOOG,2023-01-09 09:12:04.646982+00:00,P,88.41,1.0,P,88.27,2.0,['R'],C,88.34
GOOG,2023-01-09 09:12:06.532918+00:00,P,88.41,1.0,P,88.27,1.0,['R'],C,88.34
GOOG,2023-01-09 09:12:06.827144+00:00,T,88.43,1.0,P,88.27,1.0,['R'],C,88.35
GOOG,2023-01-09 09:12:06.829793+00:00,P,88.42,1.0,P,88.27,1.0,['R'],C,88.345
GOOG,2023-01-09 09:12:09.500303+00:00,P,88.42,1.0,P,88.27,2.0,['R'],C,88.345
GOOG,2023-01-09 09:12:11.830041+00:00,T,88.43,1.0,P,88.27,2.0,['R'],C,88.35
GOOG,2023-01-09 09:12:12.504897+00:00,P,88.42,1.0,P,88.27,2.0,['R'],C,88.345
GOOG,2023-01-09 09:12:15.821750+00:00,P,88.42,1.0,P,88.27,1.0,['R'],C,88.345
GOOG,2023-01-09 09:12:15.826165+00:00,P,88.42,1.0,P,88.28,1.0,['R'],C,88.35
GOOG,2023-01-09 09:12:15.877962+00:00,P,88.42,1.0,P,88.27,1.0,['R'],C,88.345
GOOG,2023-01-09 09:12:15.888291+00:00,P,88.42,1.0,P,88.27,2.0,['R'],C,88.345
GOOG,2023-01-09 09:12:16.237064+00:00,P,88.42,1.0,P,88.27,1.0,['R'],C,88.345
GOOG,2023-01-09 09:12:19.240483+00:00,T,88.45,1.0,P,88.27,1.0,['R'],C,88.36
GOOG,2023-01-09 09:12:19.243258+00:00,P,88.44,1.0,P,88.27,1.0,['R'],C,88.35499999999999
GOOG,2023-01-09 09:12:19.536450+00:00,P,88.44,1.0,P,88.22,1.0,['R'],C,88.33
GOOG,2023-01-09 09:12:19.540034+00:00,P,88.44,1.0,P,88.28,1.0,['R'],C,88.36
GOOG,2023-01-09 09:12:23.298385+00:00,P,88.44,1.0,T,88.22,1.0,['R'],C,88.33
GOOG,2023-01-09 09:12:23.303163+00:00,P,88.44,1.0,P,88.23,1.0,['R'],C,88.33500000000001
GOOG,2023-01-09 09:12:23.303285+00:00,P,88.44,1.0,P,88.27,1.0,['R'],C,88.35499999999999
GOOG,2023-01-09 09:12:26.229024+00:00,T,88.46,1.0,P,88.27,1.0,['R'],C,88.365
GOOG,2023-01-09 09:12:26.271455+00:00,P,88.45,1.0,P,88.27,1.0,['R'],C,88.36
GOOG,2023-01-09 09:12:33.318052+00:00,P,88.45,1.0,P,88.28,1.0,['R'],C,88.36500000000001
GOOG,2023-01-09 09:12:35.460173+00:00,P,88.45,1.0,P,88.28,2.0,['R'],C,88.36500000000001
GOOG,2023-01-09 09:12:36.324440+00:00,P,88.45,1.0,P,88.28,1.0,['R'],C,88.36500000000001
GOOG,2023-01-09 09:12:36.325139+00:00,P,88.45,1.0,T,88.23,1.0,['R'],C,88.34
GOOG,2023-01-09 09:12:36.336413+00:00,P,88.45,1.0,P,88.27,1.0,['R'],C,88.36
GOOG,2023-01-09 09:12:42.976016+00:00,T,88.45,1.0,P,88.27,1.0,['R'],C,88.36
GOOG,2023-01-09 09:12:43.015943+00:00,P,88.44,1.0,P,88.27,1.0,['R'],C,88.35499999999999
GOOG,2023-01-09 09:12:53.274681+00:00,P,88.44,1.0,P,88.27,2.0,['R'],C,88.35499999999999
GOOG,2023-01-09 09:12:54.966418+00:00,T,88.46,1.0,P,88.27,2.0,['R'],C,88.365
GOOG,2023-01-09 09:12:55.006764+00:00,P,88.45,1.0,P,88.27,2.0,['R'],C,88.36
GOOG,2023-01-09 09:12:58.432452+00:00,P,88.45,1.0,P,88.27,1.0,['R'],C,88.36
GOOG,2023-01-09 09:12:58.434697+00:00,P,88.45,1.0,P,88.28,1.0,['R'],C,88.36500000000001
GOOG,2023-01-09 09:12:58.536371+00:00,P,88.45,1.0,P,88.27,1.0,['R'],C,88.36
GOOG,2023-01-09 09:12:58.556104+00:00,P,88.45,1.0,P,88.27,2.0,['R'],C,88.36
GOOG,2023-01-09 09:13:09.232164+00:00,P,88.45,1.0,P,88.27,1.0,['R'],C,88.36
GOOG,2023-01-09 09:13:12.234195+00:00,P,88.45,1.0,P,88.25,1.0,['R'],C,88.35
GOOG,2023-01-09 09:13:12.276110+00:00,P,88.45,1.0,P,88.26,1.0,['R'],C,88.355
GOOG,2023-01-09 09:13:19.824493+00:00,T,88.42,1.0,P,88.26,1.0,['R'],C,88.34
GOOG,2023-01-09 09:13:31.093495+00:00,T,88.42,1.0,P,88.27,1.0,['R'],C,88.345
GOOG,2023-01-09 09:13:32.095244+00:00,T,88.42,1.0,T,88.22,1.0,['R'],C,88.32
GOOG,2023-01-09 09:13:32.129918+00:00,T,88.42,1.0,P,88.23,1.0,['R'],C,88.325
GOOG,2023-01-09 09:13:34.450829+00:00,T,88.42,1.0,P,88.26,1.0,['R'],C,88.34
GOOG,2023-01-09 09:13:34.572545+00:00,T,88.42,1.0,P,88.23,1.0,['R'],C,88.325
GOOG,2023-01-09 09:13:34.575278+00:00,T,88.42,1.0,P,88.25,1.0,['R'],C,88.33500000000001
GOOG,2023-01-09 09:13:40.638043+00:00,P,88.41,1.0,P,88.25,1.0,['R'],C,88.33
GOOG,2023-01-09 09:13:42.145858+00:00,P,88.41,1.0,P,88.26,1.0,['R'],C,88.33500000000001
GOOG,2023-01-09 09:13:43.595671+00:00,P,88.41,1.0,P,88.24,1.0,['R'],C,88.32499999999999
GOOG,2023-01-09 09:13:43.617257+00:00,P,88.41,1.0,P,88.25,1.0,['R'],C,88.33
GOOG,2023-01-09 09:13:53.494905+00:00,P,88.41,1.0,P,88.25,2.0,['R'],C,88.33
GOOG,2023-01-09 09:13:56.494030+00:00,P,88.41,1.0,P,88.25,1.0,['R'],C,88.33
GOOG,2023-01-09 09:13:56.516254+00:00,P,88.41,1.0,P,88.26,1.0,['R'],C,88.33500000000001
GOOG,2023-01-09 09:14:03.294649+00:00,P,88.41,1.0,P,88.24,1.0,['R'],C,88.32499999999999
GOOG,2023-01-09 09:14:03.298116+00:00,P,88.41,1.0,P,88.25,1.0,['R'],C,88.33
GOOG,2023-01-09 09:14:07.530711+00:00,T,88.42,1.0,P,88.25,1.0,['R'],C,88.33500000000001
GOOG,2023-01-09 09:14:12.940137+00:00,P,88.42,1.0,P,88.25,1.0,['R'],C,88.33500000000001
GOOG,2023-01-09 09:14:13.010904+00:00,T,88.42,1.0,P,88.25,2.0,['R'],C,88.33500000000001
GOOG,2023-01-09 09:14:16.009835+00:00,T,88.42,1.0,P,88.25,1.0,['R'],C,88.33500000000001
GOOG,2023-01-09 09:14:16.051800+00:00,T,88.42,1.0,P,88.26,1.0,['R'],C,88.34
GOOG,2023-01-09 09:14:16.975279+00:00,P,88.42,1.0,P,88.26,1.0,['R'],C,88.34
GOOG,2023-01-09 09:14:22.532414+00:00,T,88.42,1.0,P,88.26,1.0,['R'],C,88.34
GOOG,2023-01-09 09:14:29.679743+00:00,T,88.42,1.0,P,88.28,1.0,['R'],C,88.35
GOOG,2023-01-09 09:14:31.823980+00:00,T,88.42,1.0,P,88.26,1.0,['R'],C,88.34
GOOG,2023-01-09 09:14:31.831349+00:00,T,88.42,1.0,P,88.28,1.0,['R'],C,88.35
GOOG,2023-01-09 09:14:35.059687+00:00,T,88.42,1.0,P,88.24,1.0,['R'],C,88.33
GOOG,2023-01-09 09:14:35.065068+00:00,T,88.42,1.0,P,88.25,1.0,['R'],C,88.33500000000001
GOOG,2023-01-09 09:14:45.017623+00:00,T,88.42,1.0,P,88.26,1.0,['R'],C,88.34
GOOG,2023-01-09 09:14:45.067468+00:00,T,88.42,1.0,P,88.28,1.0,['R'],C,88.35
GOOG,2023-01-09 09:14:55.674598+00:00,T,88.42,1.0,P,88.24,1.0,['R'],C,88.33
GOOG,2023-01-09 09:14:55.677163+00:00,T,88.42,1.0,P,88.26,1.0,['R'],C,88.34
GOOG,2023-01-09 09:14:55.936046+00:00,T,88.42,1.0,P,88.24,1.0,['R'],C,88.33
GOOG,2023-01-09 09:14:55.938321+00:00,T,88.42,1.0,P,88.26,1.0,['R'],C,88.34
GOOG,2023-01-09 09:14:58.970448+00:00,T,88.42,1.0,P,88.27,1.0,['R'],C,88.345
GOOG,2023-01-09 09:14:58.970576+00:00,T,88.42,1.0,P,88.28,1.0,['R'],C,88.35
GOOG,2023-01-09 09:15:02.525909+00:00,T,88.42,1.0,P,88.24,1.0,['R'],C,88.33
GOOG,2023-01-09 09:15:02.543976+00:00,T,88.42,1.0,P,88.26,1.0,['R'],C,88.34
GOOG,2023-01-09 09:15:06.334159+00:00,T,88.42,1.0,P,88.27,1.0,['R'],C,88.345
GOOG,2023-01-09 09:15:10.220513+00:00,T,88.42,1.0,T,88.31,1.0,['R'],C,88.36500000000001
GOOG,2023-01-09 09:15:10.326667+00:00,T,88.42,1.0,T,88.32,1.0,['R'],C,88.37
GOOG,2023-01-09 09:15:12.962134+00:00,P,88.43,1.0,T,88.32,1.0,['R'],C,88.375
GOOG,2023-01-09 09:15:18.412027+00:00,T,88.46,1.0,T,88.32,1.0,['R'],C,88.38999999999999
GOOG,2023-01-09 09:15:18.453652+00:00,P,88.45,1.0,T,88.32,1.0,['R'],C,88.38499999999999
GOOG,2023-01-09 09:15:26.051010+00:00,T,88.46,1.0,T,88.32,1.0,['R'],C,88.38999999999999
GOOG,2023-01-09 09:15:26.339466+00:00,T,88.46,1.0,P,88.45,3.0,['R'],C,88.455
GOOG,2023-01-09 09:15:26.339645+00:00,T,88.56,1.0,P,88.45,3.0,['R'],C,88.505
GOOG,2023-01-09 09:15:26.340665+00:00,P,88.54,1.0,P,88.45,3.0,['R'],C,88.495
GOOG,2023-01-09 09:15:26.343596+00:00,P,88.45,1.0,T,88.32,1.0,['R'],C,88.38499999999999
GOOG,2023-01-09 09:15:26.441600+00:00,P,88.54,1.0,T,88.32,1.0,['R'],C,88.43
GOOG,2023-01-09 09:15:26.442334+00:00,T,88.55,1.0,T,88.32,1.0,['R'],C,88.435
GOOG,2023-01-09 09:15:26.967477+00:00,P,88.48,1.0,T,88.32,1.0,['R'],C,88.4
GOOG,2023-01-09 09:15:37.118330+00:00,T,88.55,1.0,T,88.32,1.0,['R'],C,88.435
GOOG,2023-01-09 09:15:37.121472+00:00,P,88.47,1.0,T,88.32,1.0,['R'],C,88.395
GOOG,2023-01-09 09:15:46.711257+00:00,T,88.49,1.0,T,88.32,1.0,['R'],C,88.405
GOOG,2023-01-09 09:15:46.714122+00:00,P,88.46,1.0,T,88.32,1.0,['R'],C,88.38999999999999
GOOG,2023-01-09 09:16:13.535324+00:00,P,88.46,1.0,T,88.34,1.0,['R'],C,88.4
GOOG,2023-01-09 09:16:13.537595+00:00,P,88.46,1.0,T,88.32,1.0,['R'],C,88.38999999999999
GOOG,2023-01-09 09:16:14.452405+00:00,T,88.49,1.0,T,88.32,1.0,['R'],C,88.405
GOOG,2023-01-09 09:16:14.493873+00:00,P,88.45,1.0,T,88.32,1.0,['R'],C,88.38499999999999
GOOG,2023-01-09 09:16:19.600291+00:00,T,88.49,1.0,T,88.32,1.0,['R'],C,88.405
GOOG,2023-01-09 09:16:19.690838+00:00,P,88.44,1.0,T,88.32,1.0,['R'],C,88.38
GOOG,2023-01-09 09:16:26.517193+00:00,P,88.44,1.0,T,88.34,1.0,['R'],C,88.39
GOOG,2023-01-09 09:16:26.621975+00:00,P,88.44,1.0,T,88.35,1.0,['R'],C,88.395
GOOG,2023-01-09 09:16:28.655732+00:00,P,88.44,1.0,P,88.32,1.0,['R'],C,88.38
GOOG,2023-01-09 09:16:28.655859+00:00,P,88.44,1.0,T,88.31,1.0,['R'],C,88.375
GOOG,2023-01-09 09:16:28.759086+00:00,P,88.44,1.0,T,88.32,1.0,['R'],C,88.38
GOOG,2023-01-09 09:16:40.122827+00:00,T,88.55,1.0,T,88.32,1.0,['R'],C,88.435
GOOG,2023-01-09 09:16:40.164758+00:00,P,88.46,1.0,T,88.32,1.0,['R'],C,88.38999999999999
GOOG,2023-01-09 09:16:47.871546+00:00,T,88.49,1.0,T,88.32,1.0,['R'],C,88.405
GOOG,2023-01-09 09:16:47.874386+00:00,P,88.48,1.0,T,88.32,1.0,['R'],C,88.4
GOOG,2023-01-09 09:17:00.170202+00:00,T,88.49,1.0,T,88.32,1.0,['R'],C,88.405
GOOG,2023-01-09 09:17:02.822142+00:00,T,88.49,1.0,T,88.38,1.0,['R'],C,88.435
GOOG,2023-01-09 09:17:02.926455+00:00,T,88.49,1.0,T,88.39,1.0,['R'],C,88.44
GOOG,2023-01-09 09:17:03.371042+00:00,P,88.5,1.0,T,88.39,1.0,['R'],C,88.445
GOOG,2023-01-09 09:17:06.634265+00:00,P,88.5,1.0,T,88.39,2.0,['R'],C,88.445
GOOG,2023-01-09 09:17:07.430425+00:00,T,88.55,1.0,T,88.39,2.0,['R'],C,88.47
GOOG,2023-01-09 09:17:07.468939+00:00,P,88.49,1.0,T,88.39,2.0,['R'],C,88.44
GOOG,2023-01-09 09:17:08.244864+00:00,P,88.49,1.0,T,88.39,1.0,['R'],C,88.44
GOOG,2023-01-09 09:17:08.245838+00:00,P,88.49,1.0,T,88.4,1.0,['R'],C,88.445
GOOG,2023-01-09 09:17:08.350837+00:00,P,88.49,1.0,T,88.4,2.0,['R'],C,88.445
GOOG,2023-01-09 09:17:13.686675+00:00,P,88.49,1.0,T,88.4,1.0,['R'],C,88.445
GOOG,2023-01-09 09:17:13.795755+00:00,P,88.49,1.0,T,88.41,1.0,['R'],C,88.44999999999999
GOOG,2023-01-09 09:17:13.890990+00:00,P,88.49,1.0,T,88.4,1.0,['R'],C,88.445
GOOG,2023-01-09 09:17:13.991463+00:00,P,88.49,1.0,T,88.41,1.0,['R'],C,88.44999999999999
GOOG,2023-01-09 09:17:14.099942+00:00,P,88.49,1.0,T,88.4,1.0,['R'],C,88.445
GOOG,2023-01-09 09:17:14.512337+00:00,P,88.49,1.0,T,88.41,1.0,['R'],C,88.44999999999999
GOOG,2023-01-09 09:17:22.071185+00:00,T,88.55,1.0,T,88.41,1.0,['R'],C,88.47999999999999
GOOG,2023-01-09 09:17:22.140272+00:00,P,88.56,1.0,T,88.41,1.0,['R'],C,88.485
GOOG,2023-01-09 09:17:29.520690+00:00,K,88.59,1.0,T,88.41,1.0,['R'],C,88.5
GOOG,2023-01-09 09:17:29.550525+00:00,P,88.56,1.0,T,88.41,1.0,['R'],C,88.485
GOOG,2023-01-09 09:17:34.550809+00:00,K,88.59,1.0,T,88.41,1.0,['R'],C,88.5
GOOG,2023-01-09 09:17:34.554503+00:00,P,88.55,1.0,T,88.41,1.0,['R'],C,88.47999999999999
GOOG,2023-01-09 09:17:37.059534+00:00,P,88.55,1.0,T,88.45,1.0,['R'],C,88.5
GOOG,2023-01-09 09:17:50.918246+00:00,K,88.59,1.0,T,88.45,1.0,['R'],C,88.52000000000001
GOOG,2023-01-09 09:17:50.960007+00:00,P,88.57,1.0,T,88.45,1.0,['R'],C,88.50999999999999
GOOG,2023-01-09 09:17:55.959714+00:00,K,88.59,1.0,T,88.45,1.0,['R'],C,88.52000000000001
GOOG,2023-01-09 09:17:56.001659+00:00,P,88.56,1.0,T,88.45,1.0,['R'],C,88.505
GOOG,2023-01-09 09:18:06.406151+00:00,P,88.56,1.0,T,88.41,1.0,['R'],C,88.485
GOOG,2023-01-09 09:18:14.261788+00:00,K,88.59,1.0,T,88.41,1.0,['R'],C,88.5
GOOG,2023-01-09 09:18:14.264677+00:00,P,88.56,1.0,T,88.41,1.0,['R'],C,88.485
GOOG,2023-01-09 09:18:14.850389+00:00,P,88.56,1.0,T,88.48,5.0,['R'],C,88.52000000000001
GOOG,2023-01-09 09:18:30.026905+00:00,K,88.59,1.0,T,88.48,5.0,['R'],C,88.535
GOOG,2023-01-09 09:18:30.030452+00:00,P,88.58,1.0,T,88.48,5.0,['R'],C,88.53
GOOG,2023-01-09 09:18:52.801098+00:00,T,88.61,1.0,T,88.48,5.0,['R'],C,88.545
GOOG,2023-01-09 09:18:52.842240+00:00,P,88.59,1.0,T,88.48,5.0,['R'],C,88.535
GOOG,2023-01-09 09:19:14.052458+00:00,T,88.61,1.0,T,88.48,5.0,['R'],C,88.545
GOOG,2023-01-09 09:19:14.093879+00:00,P,88.6,1.0,T,88.48,5.0,['R'],C,88.53999999999999
GOOG,2023-01-09 09:19:29.187140+00:00,P,88.6,1.0,T,88.5,1.0,['R'],C,88.55
GOOG,2023-01-09 09:19:39.957080+00:00,T,88.67,1.0,T,88.5,1.0,['R'],C,88.58500000000001
GOOG,2023-01-09 09:19:39.985481+00:00,P,88.65,1.0,T,88.5,1.0,['R'],C,88.575
GOOG,2023-01-09 09:20:00.597565+00:00,T,88.65,1.0,T,88.5,1.0,['R'],C,88.575
GOOG,2023-01-09 09:20:00.639186+00:00,P,88.64,1.0,T,88.5,1.0,['R'],C,88.57
GOOG,2023-01-09 09:20:21.543808+00:00,P,88.64,1.0,K,88.6,2.0,['R'],C,88.62
GOOG,2023-01-09 09:20:21.544026+00:00,P,88.64,1.0,T,88.5,1.0,['R'],C,88.57
GOOG,2023-01-09 09:20:33.665952+00:00,T,88.67,1.0,T,88.5,1.0,['R'],C,88.58500000000001
GOOG,2023-01-09 09:20:33.707940+00:00,P,88.63,1.0,T,88.5,1.0,['R'],C,88.565
GOOG,2023-01-09 09:20:42.014795+00:00,P,88.63,1.0,K,88.56,1.0,['R'],C,88.595
GOOG,2023-01-09 09:20:45.300397+00:00,T,88.67,1.0,K,88.56,1.0,['R'],C,88.61500000000001
GOOG,2023-01-09 09:20:45.303492+00:00,P,88.65,1.0,K,88.56,1.0,['R'],C,88.605
GOOG,2023-01-09 09:20:46.279080+00:00,P,88.65,1.0,T,88.5,1.0,['R'],C,88.575
GOOG,2023-01-09 09:20:46.280251+00:00,P,88.65,1.0,K,88.57,1.0,['R'],C,88.61
GOOG,2023-01-09 09:20:49.175870+00:00,P,88.65,1.0,T,88.5,1.0,['R'],C,88.575
GOOG,2023-01-09 09:20:49.176944+00:00,P,88.65,1.0,K,88.58,1.0,['R'],C,88.61500000000001
GOOG,2023-01-09 09:20:50.029556+00:00,T,88.65,1.0,K,88.58,1.0,['R'],C,88.61500000000001
GOOG,2023-01-09 09:20:50.049816+00:00,T,88.66,1.0,K,88.58,1.0,['R'],C,88.62
GOOG,2023-01-09 09:20:50.182980+00:00,T,88.65,1.0,K,88.58,1.0,['R'],C,88.61500000000001
GOOG,2023-01-09 09:20:51.049874+00:00,T,88.66,1.0,K,88.58,1.0,['R'],C,88.62
GOOG,2023-01-09 09:20:51.180023+00:00,T,88.65,1.0,K,88.58,1.0,['R'],C,88.61500000000001
GOOG,2023-01-09 09:20:51.403489+00:00,T,88.65,1.0,P,88.5,1.0,['R'],C,88.575
GOOG,2023-01-09 09:20:51.404656+00:00,T,88.65,1.0,K,88.59,1.0,['R'],C,88.62
GOOG,2023-01-09 09:20:52.986300+00:00,T,88.65,1.0,P,88.51,1.0,['R'],C,88.58000000000001
GOOG,2023-01-09 09:20:52.987508+00:00,T,88.65,1.0,K,88.6,1.0,['R'],C,88.625
GOOG,2023-01-09 09:20:54.382896+00:00,T,88.66,2.0,K,88.6,1.0,['R'],C,88.63
GOOG,2023-01-09 09:20:54.484171+00:00,T,88.66,2.0,P,88.52,1.0,['R'],C,88.59
GOOG,2023-01-09 09:20:54.485479+00:00,T,88.66,2.0,K,88.61,1.0,['R'],C,88.63499999999999
GOOG,2023-01-09 09:20:55.832568+00:00,T,88.66,2.0,P,88.53,1.0,['R'],C,88.595
GOOG,2023-01-09 09:20:55.834361+00:00,T,88.66,2.0,T,88.5,1.0,['R'],C,88.58
GOOG,2023-01-09 09:20:56.681656+00:00,T,88.66,1.0,T,88.5,1.0,['R'],C,88.58
GOOG,2023-01-09 09:20:56.681815+00:00,P,88.67,1.0,T,88.5,1.0,['R'],C,88.58500000000001
GOOG,2023-01-09 09:20:57.531459+00:00,P,88.67,1.0,T,88.49,1.0,['R'],C,88.58
GOOG,2023-01-09 09:20:57.532487+00:00,P,88.67,1.0,T,88.5,1.0,['R'],C,88.58500000000001
GOOG,2023-01-09 09:20:59.026587+00:00,P,88.67,1.0,T,88.49,1.0,['R'],C,88.58
GOOG,2023-01-09 09:20:59.027750+00:00,P,88.67,1.0,T,88.5,1.0,['R'],C,88.58500000000001
GOOG,2023-01-09 09:21:00.758876+00:00,P,88.67,1.0,T,88.49,1.0,['R'],C,88.58
GOOG,2023-01-09 09:21:00.760693+00:00,P,88.67,1.0,T,88.5,1.0,['R'],C,88.58500000000001
GOOG,2023-01-09 09:21:03.950490+00:00,P,88.67,1.0,T,88.49,1.0,['R'],C,88.58
GOOG,2023-01-09 09:21:04.165334+00:00,T,88.68,1.0,T,88.49,1.0,['R'],C,88.58500000000001
GOOG,2023-01-09 09:21:04.205851+00:00,P,88.67,1.0,T,88.49,1.0,['R'],C,88.58
GOOG,2023-01-09 09:21:09.204889+00:00,T,88.68,2.0,T,88.49,1.0,['R'],C,88.58500000000001
GOOG,2023-01-09 09:21:09.246211+00:00,P,88.66,1.0,T,88.49,1.0,['R'],C,88.57499999999999
GOOG,2023-01-09 09:21:35.237794+00:00,P,88.66,1.0,K,88.5,5.0,['R'],C,88.58
GOOG,2023-01-09 09:21:39.459469+00:00,P,88.66,1.0,K,88.65,2.0,['R'],C,88.655
GOOG,2023-01-09 09:21:39.459694+00:00,P,88.66,1.0,K,88.65,1.0,['R'],C,88.655
GOOG,2023-01-09 09:21:39.459771+00:00,P,88.66,1.0,K,88.5,5.0,['R'],C,88.58
GOOG,2023-01-09 09:21:39.462152+00:00,P,88.65,5.0,K,88.5,5.0,['R'],C,88.575
GOOG,2023-01-09 09:21:39.561697+00:00,P,88.66,1.0,K,88.5,5.0,['R'],C,88.58
GOOG,2023-01-09 09:22:01.177110+00:00,P,88.66,1.0,T,88.49,1.0,['R'],C,88.57499999999999
GOOG,2023-01-09 09:22:07.468526+00:00,T,88.68,2.0,T,88.49,1.0,['R'],C,88.58500000000001
GOOG,2023-01-09 09:22:07.471472+00:00,P,88.64,1.0,T,88.49,1.0,['R'],C,88.565
GOOG,2023-01-09 09:22:17.155607+00:00,T,88.68,2.0,T,88.49,1.0,['R'],C,88.58500000000001
GOOG,2023-01-09 09:22:17.158122+00:00,P,88.65,1.0,T,88.49,1.0,['R'],C,88.57
GOOG,2023-01-09 09:22:34.781963+00:00,T,88.68,2.0,T,88.49,1.0,['R'],C,88.58500000000001
GOOG,2023-01-09 09:22:34.784688+00:00,P,88.66,1.0,T,88.49,1.0,['R'],C,88.57499999999999
GOOG,2023-01-09 09:22:39.784786+00:00,T,88.68,2.0,T,88.49,1.0,['R'],C,88.58500000000001
GOOG,2023-01-09 09:22:39.787677+00:00,P,88.65,1.0,T,88.49,1.0,['R'],C,88.57
GOOG,2023-01-09 09:22:51.893363+00:00,T,88.68,2.0,T,88.49,1.0,['R'],C,88.58500000000001
GOOG,2023-01-09 09:22:51.896568+00:00,P,88.64,1.0,T,88.49,1.0,['R'],C,88.565
GOOG,2023-01-09 09:23:27.788517+00:00,P,88.64,1.0,T,88.48,5.0,['R'],C,88.56
GOOG,2023-01-09 09:23:27.818793+00:00,P,88.64,1.0,T,88.48,6.0,['R'],C,88.56
GOOG,2023-01-09 09:23:28.039181+00:00,P,88.64,1.0,T,88.48,5.0,['R'],C,88.56
GOOG,2023-01-09 09:23:44.896398+00:00,K,88.6,1.0,T,88.48,5.0,['R'],C,88.53999999999999
GOOG,2023-01-09 09:23:49.102645+00:00,K,88.6,1.0,T,88.46,1.0,['R'],C,88.53
GOOG,2023-01-09 09:23:49.104094+00:00,K,88.6,1.0,T,88.55,5.0,['R'],C,88.57499999999999
GOOG,2023-01-09 09:24:06.351717+00:00,P,88.64,1.0,T,88.55,5.0,['R'],C,88.595
GOOG,2023-01-09 09:24:06.353176+00:00,P,88.64,1.0,T,88.55,4.0,['R'],C,88.595
GOOG,2023-01-09 09:24:46.422319+00:00,T,88.64,1.0,T,88.55,4.0,['R'],C,88.595
GOOG,2023-01-09 09:25:44.630712+00:00,T,88.64,1.0,P,88.56,1.0,['R'],C,88.6
GOOG,2023-01-09 09:25:54.422917+00:00,P,88.67,1.0,P,88.56,1.0,['R'],C,88.61500000000001
GOOG,2023-01-09 09:25:54.425884+00:00,T,88.69,1.0,P,88.56,1.0,['R'],C,88.625
GOOG,2023-01-09 09:25:54.426358+00:00,T,88.7,1.0,P,88.56,1.0,['R'],C,88.63
GOOG,2023-01-09 09:25:54.429564+00:00,P,88.68,1.0,P,88.56,1.0,['R'],C,88.62
GOOG,2023-01-09 09:25:54.560993+00:00,T,88.64,1.0,P,88.56,1.0,['R'],C,88.6
GOOG,2023-01-09 09:25:54.561217+00:00,P,88.68,1.0,P,88.56,1.0,['R'],C,88.62
GOOG,2023-01-09 09:25:57.611363+00:00,P,88.68,1.0,T,88.55,4.0,['R'],C,88.61500000000001
GOOG,2023-01-09 09:26:01.344596+00:00,P,88.68,1.0,T,88.55,5.0,['R'],C,88.61500000000001
GOOG,2023-01-09 09:26:01.685962+00:00,T,88.73,1.0,T,88.55,5.0,['R'],C,88.64
GOOG,2023-01-09 09:26:01.695140+00:00,P,88.7,1.0,T,88.55,5.0,['R'],C,88.625
GOOG,2023-01-09 09:26:02.002155+00:00,P,88.7,1.0,T,88.55,4.0,['R'],C,88.625
GOOG,2023-01-09 09:26:07.785966+00:00,T,88.73,1.0,T,88.55,4.0,['R'],C,88.64
GOOG,2023-01-09 09:26:07.808026+00:00,P,88.67,1.0,T,88.55,4.0,['R'],C,88.61
GOOG,2023-01-09 09:26:40.311185+00:00,P,88.69,1.0,T,88.55,4.0,['R'],C,88.62
GOOG,2023-01-09 09:26:40.311605+00:00,T,88.73,1.0,T,88.55,4.0,['R'],C,88.64
GOOG,2023-01-09 09:26:40.311698+00:00,P,88.69,1.0,T,88.55,4.0,['R'],C,88.62
GOOG,2023-01-09 09:26:40.352990+00:00,P,88.66,1.0,T,88.55,4.0,['R'],C,88.60499999999999
GOOG,2023-01-09 09:26:40.998731+00:00,P,88.66,1.0,T,88.55,5.0,['R'],C,88.60499999999999
GOOG,2023-01-09 09:26:45.121634+00:00,P,88.66,1.0,T,88.55,4.0,['R'],C,88.60499999999999
GOOG,2023-01-09 09:26:45.238555+00:00,P,88.66,1.0,T,88.56,1.0,['R'],C,88.61
GOOG,2023-01-09 09:26:45.299855+00:00,P,88.66,1.0,T,88.55,4.0,['R'],C,88.60499999999999
GOOG,2023-01-09 09:26:45.300703+00:00,P,88.66,2.0,T,88.55,4.0,['R'],C,88.60499999999999
GOOG,2023-01-09 09:26:45.352905+00:00,P,88.66,1.0,T,88.55,4.0,['R'],C,88.60499999999999
GOOG,2023-01-09 09:26:45.393268+00:00,P,88.65,1.0,T,88.55,4.0,['R'],C,88.6
GOOG,2023-01-09 09:26:50.541509+00:00,T,88.68,1.0,T,88.55,4.0,['R'],C,88.61500000000001
GOOG,2023-01-09 09:26:50.541749+00:00,T,88.73,1.0,T,88.55,4.0,['R'],C,88.64
GOOG,2023-01-09 09:26:50.557056+00:00,P,88.66,1.0,T,88.55,4.0,['R'],C,88.60499999999999
GOOG,2023-01-09 09:26:55.556584+00:00,P,88.68,1.0,T,88.55,4.0,['R'],C,88.61500000000001
GOOG,2023-01-09 09:26:55.559021+00:00,P,88.65,1.0,T,88.55,4.0,['R'],C,88.6
GOOG,2023-01-09 09:27:03.848277+00:00,P,88.66,1.0,T,88.55,4.0,['R'],C,88.60499999999999
GOOG,2023-01-09 09:27:15.939297+00:00,T,88.67,1.0,T,88.55,4.0,['R'],C,88.61
GOOG,2023-01-09 09:27:15.941905+00:00,T,88.67,2.0,T,88.55,4.0,['R'],C,88.61
GOOG,2023-01-09 09:27:19.050793+00:00,P,88.66,1.0,T,88.55,4.0,['R'],C,88.60499999999999
GOOG,2023-01-09 09:27:26.255007+00:00,T,88.66,1.0,T,88.55,4.0,['R'],C,88.60499999999999
GOOG,2023-01-09 09:27:26.469815+00:00,P,88.65,1.0,T,88.55,4.0,['R'],C,88.6
GOOG,2023-01-09 09:27:32.745324+00:00,T,88.67,1.0,T,88.55,4.0,['R'],C,88.61
GOOG,2023-01-09 09:27:32.747783+00:00,P,88.64,1.0,T,88.55,4.0,['R'],C,88.595
GOOG,2023-01-09 09:27:55.212920+00:00,P,88.71,1.0,T,88.55,4.0,['R'],C,88.63
GOOG,2023-01-09 09:27:55.215673+00:00,P,88.63,1.0,T,88.55,4.0,['R'],C,88.59
GOOG,2023-01-09 09:28:05.032723+00:00,T,88.67,1.0,T,88.55,4.0,['R'],C,88.61
GOOG,2023-01-09 09:28:05.039981+00:00,P,88.62,1.0,T,88.55,4.0,['R'],C,88.58500000000001
GOOG,2023-01-09 09:28:14.086248+00:00,T,88.65,1.0,T,88.55,4.0,['R'],C,88.6
GOOG,2023-01-09 09:28:14.128032+00:00,P,88.63,1.0,T,88.55,4.0,['R'],C,88.59
GOOG,2023-01-09 09:28:24.048598+00:00,T,88.64,1.0,T,88.55,4.0,['R'],C,88.595
GOOG,2023-01-09 09:28:24.051176+00:00,P,88.62,1.0,T,88.55,4.0,['R'],C,88.58500000000001
GOOG,2023-01-09 09:28:29.050822+00:00,T,88.64,1.0,T,88.55,4.0,['R'],C,88.595
GOOG,2023-01-09 09:28:29.091838+00:00,P,88.61,1.0,T,88.55,4.0,['R'],C,88.58
GOOG,2023-01-09 09:28:44.817821+00:00,T,88.62,1.0,T,88.55,4.0,['R'],C,88.58500000000001
GOOG,2023-01-09 09:28:53.711921+00:00,P,88.62,1.0,T,88.55,4.0,['R'],C,88.58500000000001
GOOG,2023-01-09 09:28:53.818375+00:00,T,88.61,1.0,T,88.55,4.0,['R'],C,88.58
GOOG,2023-01-09 09:28:54.023074+00:00,P,88.62,1.0,T,88.55,4.0,['R'],C,88.58500000000001
GOOG,2023-01-09 09:29:03.056966+00:00,T,88.65,1.0,T,88.55,4.0,['R'],C,88.6
GOOG,2023-01-09 09:29:03.091846+00:00,P,88.63,1.0,T,88.55,4.0,['R'],C,88.59
GOOG,2023-01-09 09:29:09.959555+00:00,T,88.65,1.0,T,88.55,4.0,['R'],C,88.6
GOOG,2023-01-09 09:29:09.962053+00:00,P,88.64,1.0,T,88.55,4.0,['R'],C,88.595
GOOG,2023-01-09 09:29:14.963164+00:00,T,88.64,1.0,T,88.55,4.0,['R'],C,88.595
GOOG,2023-01-09 09:29:14.965783+00:00,P,88.63,1.0,T,88.55,4.0,['R'],C,88.59
GOOG,2023-01-09 09:29:32.425155+00:00,T,88.64,1.0,T,88.55,4.0,['R'],C,88.595
GOOG,2023-01-09 09:29:32.427624+00:00,P,88.62,1.0,T,88.55,4.0,['R'],C,88.58500000000001
GOOG,2023-01-09 09:29:37.437514+00:00,T,88.64,1.0,T,88.55,4.0,['R'],C,88.595
GOOG,2023-01-09 09:29:37.477869+00:00,P,88.63,1.0,T,88.55,4.0,['R'],C,88.59
GOOG,2023-01-09 09:29:51.797794+00:00,T,88.62,1.0,T,88.55,4.0,['R'],C,88.58500000000001
GOOG,2023-01-09 09:30:03.288160+00:00,P,88.62,1.0,T,88.55,4.0,['R'],C,88.58500000000001
GOOG,2023-01-09 09:30:03.390971+00:00,T,88.61,1.0,T,88.55,4.0,['R'],C,88.58
GOOG,2023-01-09 09:30:03.594435+00:00,P,88.62,1.0,T,88.55,4.0,['R'],C,88.58500000000001
GOOG,2023-01-09 09:30:03.702128+00:00,T,88.6,1.0,T,88.55,4.0,['R'],C,88.57499999999999
GOOG,2023-01-09 09:30:03.907259+00:00,P,88.62,1.0,T,88.55,4.0,['R'],C,88.58500000000001
GOOG,2023-01-09 09:30:03.999702+00:00,P,88.62,1.0,T,88.55,5.0,['R'],C,88.58500000000001
GOOG,2023-01-09 09:30:04.011727+00:00,T,88.59,1.0,T,88.55,5.0,['R'],C,88.57
GOOG,2023-01-09 09:30:10.318374+00:00,P,88.63,1.0,T,88.55,5.0,['R'],C,88.59
GOOG,2023-01-09 09:30:10.318616+00:00,P,88.63,1.0,T,88.55,4.0,['R'],C,88.59
GOOG,2023-01-09 09:30:10.318618+00:00,P,88.63,1.0,T,88.49,1.0,['R'],C,88.56
GOOG,2023-01-09 09:30:10.318795+00:00,P,88.63,1.0,T,88.46,1.0,['R'],C,88.54499999999999
GOOG,2023-01-09 09:30:10.318808+00:00,P,88.63,1.0,T,88.46,2.0,['R'],C,88.54499999999999
GOOG,2023-01-09 09:30:10.318940+00:00,T,88.67,1.0,T,88.46,2.0,['R'],C,88.565
GOOG,2023-01-09 09:30:10.321257+00:00,P,88.6,1.0,T,88.46,2.0,['R'],C,88.53
GOOG,2023-01-09 09:30:10.395810+00:00,P,88.6,1.0,T,88.46,1.0,['R'],C,88.53
GOOG,2023-01-09 09:30:10.396289+00:00,P,88.6,1.0,P,88.46,1.0,['R'],C,88.53
GOOG,2023-01-09 09:30:14.480890+00:00,P,88.6,1.0,T,88.46,1.0,['R'],C,88.53
GOOG,2023-01-09 09:30:14.485568+00:00,T,88.63,1.0,T,88.46,1.0,['R'],C,88.54499999999999
GOOG,2023-01-09 09:30:14.494741+00:00,P,88.62,1.0,T,88.46,1.0,['R'],C,88.53999999999999
GOOG,2023-01-09 09:30:19.494263+00:00,T,88.64,1.0,T,88.46,1.0,['R'],C,88.55
GOOG,2023-01-09 09:30:19.536055+00:00,P,88.61,1.0,T,88.46,1.0,['R'],C,88.535
GOOG,2023-01-09 09:30:25.260213+00:00,T,88.67,1.0,T,88.46,1.0,['R'],C,88.565
GOOG,2023-01-09 09:30:25.301544+00:00,P,88.63,1.0,T,88.46,1.0,['R'],C,88.54499999999999
GOOG,2023-01-09 09:30:30.302384+00:00,T,88.67,1.0,T,88.46,1.0,['R'],C,88.565
GOOG,2023-01-09 09:30:30.311056+00:00,P,88.62,1.0,T,88.46,1.0,['R'],C,88.53999999999999
GOOG,2023-01-09 09:30:49.770165+00:00,T,88.67,1.0,T,88.46,1.0,['R'],C,88.565
GOOG,2023-01-09 09:30:49.809753+00:00,P,88.62,1.0,T,88.46,1.0,['R'],C,88.53999999999999
GOOG,2023-01-09 09:30:55.724202+00:00,T,88.67,1.0,T,88.46,1.0,['R'],C,88.565
GOOG,2023-01-09 09:30:55.726896+00:00,P,88.61,1.0,T,88.46,1.0,['R'],C,88.535
GOOG,2023-01-09 09:31:01.848609+00:00,T,88.67,1.0,T,88.46,1.0,['R'],C,88.565
GOOG,2023-01-09 09:31:01.851349+00:00,P,88.6,1.0,T,88.46,1.0,['R'],C,88.53
GOOG,2023-01-09 09:31:10.378571+00:00,T,88.67,1.0,T,88.46,1.0,['R'],C,88.565
GOOG,2023-01-09 09:31:10.386011+00:00,P,88.62,1.0,T,88.46,1.0,['R'],C,88.53999999999999
GOOG,2023-01-09 09:31:21.473856+00:00,T,88.67,1.0,T,88.46,1.0,['R'],C,88.565
GOOG,2023-01-09 09:31:21.476710+00:00,P,88.66,1.0,T,88.46,1.0,['R'],C,88.56
GOOG,2023-01-09 09:31:33.067507+00:00,T,88.67,1.0,T,88.46,1.0,['R'],C,88.565
GOOG,2023-01-09 09:31:33.068716+00:00,T,88.68,2.0,T,88.46,1.0,['R'],C,88.57
GOOG,2023-01-09 09:31:33.109143+00:00,P,88.67,1.0,T,88.46,1.0,['R'],C,88.565
GOOG,2023-01-09 09:31:38.108396+00:00,T,88.68,2.0,T,88.46,1.0,['R'],C,88.57
GOOG,2023-01-09 09:31:38.111394+00:00,P,88.66,1.0,T,88.46,1.0,['R'],C,88.56
GOOG,2023-01-09 09:31:43.110277+00:00,T,88.68,2.0,T,88.46,1.0,['R'],C,88.57
GOOG,2023-01-09 09:31:43.112937+00:00,P,88.65,1.0,T,88.46,1.0,['R'],C,88.555
GOOG,2023-01-09 09:31:47.269268+00:00,P,88.65,1.0,T,88.55,1.0,['R'],C,88.6
GOOG,2023-01-09 09:31:48.899892+00:00,T,88.73,1.0,T,88.55,1.0,['R'],C,88.64
GOOG,2023-01-09 09:31:48.902419+00:00,P,88.66,1.0,T,88.55,1.0,['R'],C,88.60499999999999
GOOG,2023-01-09 09:31:52.919114+00:00,T,88.73,1.0,T,88.55,1.0,['R'],C,88.64
GOOG,2023-01-09 09:31:52.959941+00:00,P,88.67,1.0,T,88.55,1.0,['R'],C,88.61
GOOG,2023-01-09 09:31:57.959969+00:00,K,88.67,1.0,T,88.55,1.0,['R'],C,88.61
GOOG,2023-01-09 09:31:57.963377+00:00,P,88.66,1.0,T,88.55,1.0,['R'],C,88.60499999999999
GOOG,2023-01-09 09:32:02.962546+00:00,T,88.67,1.0,T,88.55,1.0,['R'],C,88.61
GOOG,2023-01-09 09:32:03.003827+00:00,P,88.65,1.0,T,88.55,1.0,['R'],C,88.6
GOOG,2023-01-09 09:32:17.811567+00:00,T,88.73,1.0,T,88.55,1.0,['R'],C,88.64
GOOG,2023-01-09 09:32:17.814766+00:00,P,88.66,1.0,T,88.55,1.0,['R'],C,88.60499999999999
GOOG,2023-01-09 09:32:27.107570+00:00,P,88.66,1.0,T,88.55,3.0,['R'],C,88.60499999999999
GOOG,2023-01-09 09:32:29.136587+00:00,T,88.67,1.0,T,88.55,3.0,['R'],C,88.61
GOOG,2023-01-09 09:32:29.139337+00:00,P,88.65,1.0,T,88.55,3.0,['R'],C,88.6
GOOG,2023-01-09 09:32:59.166444+00:00,T,88.67,1.0,T,88.55,3.0,['R'],C,88.61
GOOG,2023-01-09 09:32:59.184994+00:00,P,88.66,1.0,T,88.55,3.0,['R'],C,88.60499999999999
GOOG,2023-01-09 09:33:08.096327+00:00,P,88.66,1.0,T,88.55,1.0,['R'],C,88.60499999999999
GOOG,2023-01-09 09:33:08.097513+00:00,P,88.66,1.0,T,88.55,3.0,['R'],C,88.60499999999999
GOOG,2023-01-09 09:33:13.323955+00:00,T,88.73,1.0,T,88.55,3.0,['R'],C,88.64
GOOG,2023-01-09 09:33:13.326422+00:00,P,88.67,1.0,T,88.55,3.0,['R'],C,88.61
GOOG,2023-01-09 09:34:09.162122+00:00,P,88.67,1.0,T,88.55,4.0,['R'],C,88.61
GOOG,2023-01-09 09:34:21.803988+00:00,T,88.71,1.0,T,88.55,4.0,['R'],C,88.63
GOOG,2023-01-09 09:34:21.806552+00:00,P,88.66,1.0,T,88.55,4.0,['R'],C,88.60499999999999
GOOG,2023-01-09 09:34:38.749645+00:00,T,88.71,1.0,T,88.55,4.0,['R'],C,88.63
GOOG,2023-01-09 09:34:38.752531+00:00,P,88.68,1.0,T,88.55,4.0,['R'],C,88.61500000000001
GOOG,2023-01-09 09:34:47.572952+00:00,T,88.71,1.0,T,88.55,4.0,['R'],C,88.63
GOOG,2023-01-09 09:34:47.575343+00:00,P,88.69,1.0,T,88.55,4.0,['R'],C,88.62
GOOG,2023-01-09 09:34:57.876466+00:00,T,88.71,1.0,T,88.55,4.0,['R'],C,88.63
GOOG,2023-01-09 09:34:57.907416+00:00,P,88.68,1.0,T,88.55,4.0,['R'],C,88.61500000000001
GOOG,2023-01-09 09:35:07.195505+00:00,T,88.71,1.0,T,88.55,4.0,['R'],C,88.63
GOOG,2023-01-09 09:35:07.198146+00:00,P,88.67,1.0,T,88.55,4.0,['R'],C,88.61
GOOG,2023-01-09 09:35:12.944233+00:00,P,88.67,1.0,T,88.58,2.0,['R'],C,88.625
GOOG,2023-01-09 09:35:16.234267+00:00,T,88.71,1.0,T,88.58,2.0,['R'],C,88.645
GOOG,2023-01-09 09:35:16.276124+00:00,P,88.7,1.0,T,88.58,2.0,['R'],C,88.64
GOOG,2023-01-09 09:35:23.403707+00:00,T,88.71,1.0,T,88.58,2.0,['R'],C,88.645
GOOG,2023-01-09 09:35:33.308448+00:00,P,88.71,1.0,T,88.58,2.0,['R'],C,88.645
GOOG,2023-01-09 09:35:33.415810+00:00,T,88.7,1.0,T,88.58,2.0,['R'],C,88.64
GOOG,2023-01-09 09:35:33.625353+00:00,P,88.71,1.0,T,88.58,2.0,['R'],C,88.645
GOOG,2023-01-09 09:35:33.728896+00:00,T,88.69,1.0,T,88.58,2.0,['R'],C,88.63499999999999
GOOG,2023-01-09 09:35:33.931577+00:00,P,88.71,1.0,T,88.58,2.0,['R'],C,88.645
GOOG,2023-01-09 09:35:43.673909+00:00,T,88.73,1.0,T,88.58,2.0,['R'],C,88.655
GOOG,2023-01-09 09:35:43.680494+00:00,P,88.7,1.0,T,88.58,2.0,['R'],C,88.64
GOOG,2023-01-09 09:36:22.407711+00:00,T,88.73,1.0,T,88.58,2.0,['R'],C,88.655
GOOG,2023-01-09 09:36:22.449924+00:00,P,88.72,1.0,T,88.58,2.0,['R'],C,88.65
GOOG,2023-01-09 09:36:27.486077+00:00,T,88.73,1.0,T,88.58,2.0,['R'],C,88.655
GOOG,2023-01-09 09:36:27.491826+00:00,P,88.71,1.0,T,88.58,2.0,['R'],C,88.645
GOOG,2023-01-09 09:36:32.855332+00:00,P,88.71,1.0,P,88.56,1.0,['R'],C,88.63499999999999
GOOG,2023-01-09 09:36:32.856826+00:00,P,88.71,1.0,T,88.6,2.0,['R'],C,88.655
GOOG,2023-01-09 09:36:43.196804+00:00,P,88.71,1.0,P,88.57,1.0,['R'],C,88.63999999999999
GOOG,2023-01-09 09:36:43.198335+00:00,P,88.71,1.0,T,88.63,2.0,['R'],C,88.66999999999999
GOOG,2023-01-09 09:37:22.481199+00:00,T,88.73,1.0,T,88.63,2.0,['R'],C,88.68
GOOG,2023-01-09 09:37:22.522563+00:00,P,88.72,1.0,T,88.63,2.0,['R'],C,88.675
GOOG,2023-01-09 09:37:24.039978+00:00,T,88.73,1.0,T,88.63,2.0,['R'],C,88.68
GOOG,2023-01-09 09:37:34.086892+00:00,P,88.72,1.0,T,88.63,2.0,['R'],C,88.675
GOOG,2023-01-09 09:37:41.343892+00:00,T,88.79,1.0,T,88.63,2.0,['R'],C,88.71000000000001
GOOG,2023-01-09 09:37:41.346423+00:00,P,88.73,1.0,T,88.63,2.0,['R'],C,88.68
GOOG,2023-01-09 09:37:46.346628+00:00,T,88.79,1.0,T,88.63,2.0,['R'],C,88.71000000000001
GOOG,2023-01-09 09:37:46.387806+00:00,P,88.72,1.0,T,88.63,2.0,['R'],C,88.675
GOOG,2023-01-09 09:38:03.289447+00:00,P,88.79,2.0,T,88.63,2.0,['R'],C,88.71000000000001
GOOG,2023-01-09 09:38:03.298521+00:00,P,88.74,1.0,T,88.63,2.0,['R'],C,88.685
GOOG,2023-01-09 09:38:08.298605+00:00,P,88.79,2.0,T,88.63,2.0,['R'],C,88.71000000000001
GOOG,2023-01-09 09:38:08.301740+00:00,P,88.73,1.0,T,88.63,2.0,['R'],C,88.68
GOOG,2023-01-09 09:39:06.217416+00:00,T,88.73,1.0,T,88.63,2.0,['R'],C,88.68
GOOG,2023-01-09 09:39:06.221259+00:00,P,88.72,1.0,T,88.63,2.0,['R'],C,88.675
GOOG,2023-01-09 09:39:12.046215+00:00,T,88.73,1.0,T,88.63,2.0,['R'],C,88.68
GOOG,2023-01-09 09:39:12.087626+00:00,P,88.71,1.0,T,88.63,2.0,['R'],C,88.66999999999999
GOOG,2023-01-09 09:39:21.423140+00:00,T,88.73,1.0,T,88.63,2.0,['R'],C,88.68
GOOG,2023-01-09 09:39:21.425805+00:00,P,88.7,1.0,T,88.63,2.0,['R'],C,88.66499999999999
GOOG,2023-01-09 09:39:41.771035+00:00,T,88.73,1.0,T,88.63,2.0,['R'],C,88.68
GOOG,2023-01-09 09:39:41.813013+00:00,P,88.69,1.0,T,88.63,2.0,['R'],C,88.66
GOOG,2023-01-09 09:39:45.011227+00:00,P,88.69,2.0,T,88.63,2.0,['R'],C,88.66
GOOG,2023-01-09 09:39:46.813118+00:00,T,88.73,1.0,T,88.63,2.0,['R'],C,88.68
GOOG,2023-01-09 09:39:48.018232+00:00,P,88.68,1.0,T,88.63,2.0,['R'],C,88.655
GOOG,2023-01-09 09:40:07.177248+00:00,P,88.68,1.0,T,88.66,13.0,['R'],C,88.67
GOOG,2023-01-09 09:40:07.180700+00:00,P,88.68,1.0,T,88.66,7.0,['R'],C,88.67
GOOG,2023-01-09 09:40:10.185068+00:00,P,88.68,1.0,T,88.66,2.0,['R'],C,88.67
GOOG,2023-01-09 09:40:10.185139+00:00,P,88.68,1.0,T,88.63,2.0,['R'],C,88.655
GOOG,2023-01-09 09:40:15.389646+00:00,P,88.79,2.0,T,88.63,2.0,['R'],C,88.71000000000001
GOOG,2023-01-09 09:40:15.392712+00:00,P,88.7,1.0,T,88.63,2.0,['R'],C,88.66499999999999
GOOG,2023-01-09 09:40:18.860043+00:00,P,88.79,2.0,T,88.63,2.0,['R'],C,88.71000000000001
GOOG,2023-01-09 09:40:18.862896+00:00,P,88.76,1.0,T,88.63,2.0,['R'],C,88.695
GOOG,2023-01-09 09:40:23.862709+00:00,P,88.78,1.0,T,88.63,2.0,['R'],C,88.705
GOOG,2023-01-09 09:40:23.865679+00:00,P,88.72,1.0,T,88.63,2.0,['R'],C,88.675
GOOG,2023-01-09 09:40:46.214079+00:00,P,88.72,1.0,P,88.57,1.0,['R'],C,88.645
GOOG,2023-01-09 09:40:46.215607+00:00,P,88.72,1.0,T,88.67,2.0,['R'],C,88.695
GOOG,2023-01-09 09:40:47.472788+00:00,P,88.79,2.0,T,88.67,2.0,['R'],C,88.73
GOOG,2023-01-09 09:40:47.476001+00:00,P,88.78,1.0,T,88.67,2.0,['R'],C,88.725
GOOG,2023-01-09 09:40:48.385075+00:00,P,88.78,2.0,T,88.67,2.0,['R'],C,88.725
GOOG,2023-01-09 09:40:52.475701+00:00,P,88.78,1.0,T,88.67,2.0,['R'],C,88.725
GOOG,2023-01-09 09:40:52.516803+00:00,P,88.75,1.0,T,88.67,2.0,['R'],C,88.71000000000001
GOOG,2023-01-09 09:40:53.731234+00:00,P,88.75,1.0,P,88.6,1.0,['R'],C,88.675
GOOG,2023-01-09 09:40:53.732730+00:00,P,88.75,1.0,T,88.72,1.0,['R'],C,88.735
GOOG,2023-01-09 09:40:53.733176+00:00,P,88.75,1.0,P,88.6,1.0,['R'],C,88.675
GOOG,2023-01-09 09:40:53.733313+00:00,P,88.75,1.0,T,88.57,1.0,['R'],C,88.66
GOOG,2023-01-09 09:40:53.734848+00:00,K,88.73,1.0,T,88.57,1.0,['R'],C,88.65
GOOG,2023-01-09 09:40:53.735699+00:00,P,88.72,5.0,T,88.57,1.0,['R'],C,88.645
GOOG,2023-01-09 09:40:53.785096+00:00,K,88.73,1.0,T,88.57,1.0,['R'],C,88.65
GOOG,2023-01-09 09:40:53.806775+00:00,K,88.73,1.0,T,88.55,4.0,['R'],C,88.64
GOOG,2023-01-09 09:40:53.806789+00:00,K,88.73,1.0,T,88.56,1.0,['R'],C,88.64500000000001
GOOG,2023-01-09 09:41:02.560354+00:00,P,88.72,1.0,T,88.56,1.0,['R'],C,88.64
GOOG,2023-01-09 09:41:08.493500+00:00,K,88.73,1.0,T,88.56,1.0,['R'],C,88.64500000000001
GOOG,2023-01-09 09:41:08.496757+00:00,P,88.7,1.0,T,88.56,1.0,['R'],C,88.63
GOOG,2023-01-09 09:41:19.277270+00:00,K,88.73,1.0,T,88.56,1.0,['R'],C,88.64500000000001
GOOG,2023-01-09 09:41:19.280501+00:00,P,88.71,1.0,T,88.56,1.0,['R'],C,88.63499999999999
GOOG,2023-01-09 09:41:59.777894+00:00,K,88.73,1.0,T,88.56,1.0,['R'],C,88.64500000000001
GOOG,2023-01-09 09:41:59.819955+00:00,P,88.71,1.0,T,88.56,1.0,['R'],C,88.63499999999999
GOOG,2023-01-09 09:42:37.951582+00:00,K,88.73,1.0,T,88.56,1.0,['R'],C,88.64500000000001
GOOG,2023-01-09 09:42:37.954991+00:00,P,88.71,1.0,T,88.56,1.0,['R'],C,88.63499999999999
GOOG,2023-01-09 09:42:42.955707+00:00,T,88.73,1.0,T,88.56,1.0,['R'],C,88.64500000000001
GOOG,2023-01-09 09:42:42.958606+00:00,P,88.7,1.0,T,88.56,1.0,['R'],C,88.63
GOOG,2023-01-09 09:43:32.636604+00:00,T,88.73,1.0,T,88.56,1.0,['R'],C,88.64500000000001
GOOG,2023-01-09 09:43:32.639274+00:00,P,88.71,1.0,T,88.56,1.0,['R'],C,88.63499999999999
GOOG,2023-01-09 09:43:53.914669+00:00,T,88.73,1.0,T,88.56,1.0,['R'],C,88.64500000000001
GOOG,2023-01-09 09:43:53.952501+00:00,P,88.7,1.0,T,88.56,1.0,['R'],C,88.63
GOOG,2023-01-09 09:44:07.699987+00:00,T,88.73,1.0,T,88.56,1.0,['R'],C,88.64500000000001
GOOG,2023-01-09 09:44:07.715588+00:00,P,88.69,1.0,T,88.56,1.0,['R'],C,88.625
GOOG,2023-01-09 09:44:12.023415+00:00,T,88.73,1.0,T,88.56,1.0,['R'],C,88.64500000000001
GOOG,2023-01-09 09:44:12.026523+00:00,P,88.71,1.0,T,88.56,1.0,['R'],C,88.63499999999999
GOOG,2023-01-09 09:44:40.189167+00:00,P,88.71,1.0,P,88.57,1.0,['R'],C,88.63999999999999
GOOG,2023-01-09 09:44:41.785602+00:00,K,88.67,1.0,P,88.57,1.0,['R'],C,88.62
GOOG,2023-01-09 09:44:48.105788+00:00,K,88.67,1.0,T,88.56,1.0,['R'],C,88.61500000000001
GOOG,2023-01-09 09:44:48.130331+00:00,P,88.71,1.0,T,88.56,1.0,['R'],C,88.63499999999999
GOOG,2023-01-09 09:44:49.021769+00:00,T,88.73,1.0,T,88.56,1.0,['R'],C,88.64500000000001
GOOG,2023-01-09 09:45:00.623597+00:00,K,88.73,1.0,T,88.56,1.0,['R'],C,88.64500000000001
GOOG,2023-01-09 09:45:00.816927+00:00,K,88.73,1.0,T,88.72,1.0,['R'],C,88.725
GOOG,2023-01-09 09:45:00.817154+00:00,K,88.73,1.0,T,88.56,1.0,['R'],C,88.64500000000001
GOOG,2023-01-09 09:45:00.817388+00:00,K,88.73,1.0,P,88.54,1.0,['R'],C,88.635
GOOG,2023-01-09 09:45:00.818544+00:00,K,88.73,1.0,T,88.54,2.0,['R'],C,88.635
GOOG,2023-01-09 09:45:00.818988+00:00,K,88.73,1.0,P,88.54,1.0,['R'],C,88.635
GOOG,2023-01-09 09:45:02.561845+00:00,K,88.73,1.0,T,88.53,1.0,['R'],C,88.63
GOOG,2023-01-09 09:45:07.095803+00:00,K,88.73,1.0,P,88.52,1.0,['R'],C,88.625
GOOG,2023-01-09 09:45:07.095943+00:00,K,88.73,1.0,T,88.54,1.0,['R'],C,88.635
GOOG,2023-01-09 09:45:10.201210+00:00,K,88.73,1.0,P,88.54,1.0,['R'],C,88.635
GOOG,2023-01-09 09:45:10.201260+00:00,K,88.73,1.0,T,88.55,1.0,['R'],C,88.64
GOOG,2023-01-09 09:45:10.795842+00:00,P,88.79,2.0,T,88.55,1.0,['R'],C,88.67
GOOG,2023-01-09 09:45:11.172868+00:00,T,88.73,1.0,P,88.55,1.0,['R'],C,88.64
GOOG,2023-01-09 09:45:11.281224+00:00,T,88.72,1.0,P,88.55,1.0,['R'],C,88.63499999999999
GOOG,2023-01-09 09:45:11.896913+00:00,T,88.72,1.0,T,88.55,1.0,['R'],C,88.63499999999999
GOOG,2023-01-09 09:45:11.896976+00:00,T,88.72,1.0,P,88.57,1.0,['R'],C,88.645
GOOG,2023-01-09 09:45:35.711037+00:00,P,88.74,1.0,P,88.57,1.0,['R'],C,88.655
GOOG,2023-01-09 09:45:36.754124+00:00,P,88.74,1.0,T,88.58,1.0,['R'],C,88.66
GOOG,2023-01-09 09:45:40.771892+00:00,P,88.79,2.0,T,88.58,1.0,['R'],C,88.685
GOOG,2023-01-09 09:45:40.774718+00:00,P,88.71,1.0,T,88.58,1.0,['R'],C,88.645
GOOG,2023-01-09 09:45:42.467354+00:00,P,88.79,2.0,T,88.58,1.0,['R'],C,88.685
GOOG,2023-01-09 09:45:42.471093+00:00,P,88.72,1.0,T,88.58,1.0,['R'],C,88.65
GOOG,2023-01-09 09:45:46.398444+00:00,T,88.72,1.0,T,88.58,1.0,['R'],C,88.65
GOOG,2023-01-09 09:45:51.243840+00:00,T,88.72,1.0,P,88.57,1.0,['R'],C,88.645
GOOG,2023-01-09 09:46:15.372599+00:00,P,88.72,1.0,P,88.57,1.0,['R'],C,88.645
GOOG,2023-01-09 09:46:16.173287+00:00,T,88.72,1.0,P,88.57,1.0,['R'],C,88.645
GOOG,2023-01-09 09:46:16.549278+00:00,T,88.73,2.0,P,88.57,1.0,['R'],C,88.65
GOOG,2023-01-09 09:46:18.334970+00:00,T,88.73,2.0,T,88.56,1.0,['R'],C,88.64500000000001
GOOG,2023-01-09 09:46:18.337852+00:00,T,88.73,2.0,P,88.57,1.0,['R'],C,88.65
GOOG,2023-01-09 09:46:19.013337+00:00,T,88.73,2.0,T,88.55,1.0,['R'],C,88.64
GOOG,2023-01-09 09:46:19.015739+00:00,T,88.73,2.0,P,88.56,1.0,['R'],C,88.64500000000001
GOOG,2023-01-09 09:46:23.420143+00:00,P,88.71,1.0,P,88.56,1.0,['R'],C,88.63499999999999
GOOG,2023-01-09 09:46:24.577883+00:00,T,88.73,2.0,P,88.56,1.0,['R'],C,88.64500000000001
GOOG,2023-01-09 09:46:24.580542+00:00,P,88.72,1.0,P,88.56,1.0,['R'],C,88.64
GOOG,2023-01-09 09:46:26.569873+00:00,P,88.72,1.0,T,88.55,1.0,['R'],C,88.63499999999999
GOOG,2023-01-09 09:46:26.572678+00:00,P,88.72,1.0,P,88.57,1.0,['R'],C,88.645
GOOG,2023-01-09 09:46:33.166595+00:00,T,88.73,2.0,P,88.57,1.0,['R'],C,88.65
GOOG,2023-01-09 09:46:33.207648+00:00,P,88.71,1.0,P,88.57,1.0,['R'],C,88.63999999999999
GOOG,2023-01-09 09:46:36.312356+00:00,T,88.73,2.0,P,88.57,1.0,['R'],C,88.65
GOOG,2023-01-09 09:46:36.353973+00:00,P,88.72,1.0,P,88.57,1.0,['R'],C,88.645
GOOG,2023-01-09 09:46:41.353255+00:00,T,88.73,1.0,P,88.57,1.0,['R'],C,88.65
GOOG,2023-01-09 09:46:41.356341+00:00,P,88.71,1.0,P,88.57,1.0,['R'],C,88.63999999999999
GOOG,2023-01-09 09:46:42.208271+00:00,T,88.73,1.0,P,88.57,1.0,['R'],C,88.65
GOOG,2023-01-09 09:46:42.211212+00:00,P,88.72,1.0,P,88.57,1.0,['R'],C,88.645
GOOG,2023-01-09 09:46:43.097534+00:00,T,88.73,1.0,P,88.57,1.0,['R'],C,88.65
GOOG,2023-01-09 09:46:43.100262+00:00,P,88.72,1.0,P,88.57,1.0,['R'],C,88.645
GOOG,2023-01-09 09:46:45.196739+00:00,T,88.73,1.0,P,88.57,1.0,['R'],C,88.65
GOOG,2023-01-09 09:46:45.237907+00:00,P,88.71,1.0,P,88.57,1.0,['R'],C,88.63999999999999
GOOG,2023-01-09 09:46:45.521951+00:00,T,88.73,1.0,P,88.57,1.0,['R'],C,88.65
GOOG,2023-01-09 09:46:45.563843+00:00,P,88.72,1.0,P,88.57,1.0,['R'],C,88.645
GOOG,2023-01-09 09:46:47.491395+00:00,T,88.73,1.0,P,88.57,1.0,['R'],C,88.65
GOOG,2023-01-09 09:46:57.496357+00:00,P,88.72,1.0,P,88.57,1.0,['R'],C,88.645
GOOG,2023-01-09 09:47:04.116848+00:00,P,88.72,1.0,T,88.56,1.0,['R'],C,88.64
GOOG,2023-01-09 09:47:04.158853+00:00,P,88.72,1.0,P,88.58,1.0,['R'],C,88.65
GOOG,2023-01-09 09:47:06.746904+00:00,P,88.72,1.0,T,88.65,5.0,['R'],C,88.685
GOOG,2023-01-09 09:47:07.240012+00:00,T,88.73,1.0,T,88.65,5.0,['R'],C,88.69
GOOG,2023-01-09 09:50:19.986855+00:00,T,88.75,1.0,T,88.65,5.0,['R'],C,88.7
GOOG,2023-01-09 09:50:20.058066+00:00,P,88.77,1.0,T,88.65,5.0,['R'],C,88.71000000000001
GOOG,2023-01-09 09:50:36.493787+00:00,P,88.79,2.0,T,88.65,5.0,['R'],C,88.72
GOOG,2023-01-09 09:50:36.493997+00:00,K,88.73,1.0,T,88.65,5.0,['R'],C,88.69
GOOG,2023-01-09 09:50:49.287693+00:00,P,88.71,1.0,T,88.65,5.0,['R'],C,88.68
GOOG,2023-01-09 09:51:01.098098+00:00,K,88.73,1.0,T,88.65,5.0,['R'],C,88.69
GOOG,2023-01-09 09:51:06.397406+00:00,P,88.74,1.0,T,88.65,5.0,['R'],C,88.695
GOOG,2023-01-09 09:51:06.410612+00:00,T,88.7,1.0,T,88.65,5.0,['R'],C,88.67500000000001
GOOG,2023-01-09 09:51:06.413691+00:00,P,88.74,1.0,T,88.65,5.0,['R'],C,88.695
GOOG,2023-01-09 09:51:06.413786+00:00,T,88.7,1.0,T,88.65,5.0,['R'],C,88.67500000000001
GOOG,2023-01-09 09:51:06.417620+00:00,P,88.74,1.0,T,88.65,5.0,['R'],C,88.695
GOOG,2023-01-09 09:51:06.419520+00:00,P,88.69,1.0,T,88.65,5.0,['R'],C,88.67
GOOG,2023-01-09 09:51:25.917995+00:00,P,88.69,2.0,T,88.65,5.0,['R'],C,88.67
GOOG,2023-01-09 09:51:26.062253+00:00,P,88.69,1.0,T,88.65,5.0,['R'],C,88.67
GOOG,2023-01-09 09:51:31.429303+00:00,P,88.74,2.0,T,88.65,5.0,['R'],C,88.695
GOOG,2023-01-09 09:51:31.430477+00:00,P,88.73,1.0,T,88.65,5.0,['R'],C,88.69
GOOG,2023-01-09 09:51:48.981912+00:00,P,88.72,1.0,T,88.65,5.0,['R'],C,88.685
GOOG,2023-01-09 09:51:54.864309+00:00,T,88.7,3.0,T,88.65,5.0,['R'],C,88.67500000000001
GOOG,2023-01-09 09:51:54.969479+00:00,T,88.69,1.0,T,88.65,5.0,['R'],C,88.67
GOOG,2023-01-09 09:51:56.151248+00:00,P,88.72,1.0,T,88.65,5.0,['R'],C,88.685
GOOG,2023-01-09 09:51:56.257709+00:00,T,88.69,1.0,T,88.65,5.0,['R'],C,88.67
GOOG,2023-01-09 09:51:56.467356+00:00,P,88.72,1.0,T,88.65,5.0,['R'],C,88.685
GOOG,2023-01-09 09:52:02.899136+00:00,P,88.72,1.0,T,88.65,2.0,['R'],C,88.685
GOOG,2023-01-09 09:52:02.899227+00:00,P,88.72,1.0,P,88.58,1.0,['R'],C,88.65
GOOG,2023-01-09 09:52:02.911000+00:00,P,88.72,1.0,T,88.55,1.0,['R'],C,88.63499999999999
GOOG,2023-01-09 09:52:02.914148+00:00,P,88.72,1.0,P,88.57,1.0,['R'],C,88.645
GOOG,2023-01-09 09:52:02.927374+00:00,P,88.72,1.0,T,88.55,1.0,['R'],C,88.63499999999999
GOOG,2023-01-09 09:52:04.016563+00:00,P,88.65,2.0,T,88.55,1.0,['R'],C,88.6
GOOG,2023-01-09 09:52:04.070953+00:00,P,88.65,3.0,T,88.55,1.0,['R'],C,88.6
GOOG,2023-01-09 09:52:04.150233+00:00,P,88.65,3.0,P,88.55,1.0,['R'],C,88.6
GOOG,2023-01-09 09:52:07.209008+00:00,P,88.65,3.0,T,88.55,1.0,['R'],C,88.6
GOOG,2023-01-09 09:52:14.463343+00:00,P,88.65,2.0,T,88.55,1.0,['R'],C,88.6
GOOG,2023-01-09 09:52:14.505828+00:00,P,88.64,1.0,T,88.55,1.0,['R'],C,88.595
GOOG,2023-01-09 09:52:16.114684+00:00,P,88.65,2.0,T,88.55,1.0,['R'],C,88.6
GOOG,2023-01-09 09:52:16.155873+00:00,P,88.65,3.0,T,88.55,1.0,['R'],C,88.6
GOOG,2023-01-09 09:52:17.190438+00:00,P,88.65,1.0,T,88.55,1.0,['R'],C,88.6
GOOG,2023-01-09 09:52:17.504366+00:00,P,88.73,2.0,T,88.55,1.0,['R'],C,88.64
GOOG,2023-01-09 09:52:17.506956+00:00,P,88.7,1.0,T,88.55,1.0,['R'],C,88.625
GOOG,2023-01-09 09:52:36.390869+00:00,P,88.73,2.0,T,88.55,1.0,['R'],C,88.64
GOOG,2023-01-09 09:52:36.393706+00:00,P,88.71,1.0,T,88.55,1.0,['R'],C,88.63
GOOG,2023-01-09 09:52:53.948651+00:00,P,88.71,1.0,P,88.58,1.0,['R'],C,88.645
GOOG,2023-01-09 09:52:59.973341+00:00,P,88.73,2.0,P,88.58,1.0,['R'],C,88.655
GOOG,2023-01-09 09:52:59.975998+00:00,P,88.7,1.0,P,88.58,1.0,['R'],C,88.64
GOOG,2023-01-09 09:53:06.847943+00:00,P,88.73,2.0,P,88.58,1.0,['R'],C,88.655
GOOG,2023-01-09 09:53:06.890709+00:00,P,88.69,1.0,P,88.58,1.0,['R'],C,88.63499999999999
GOOG,2023-01-09 09:53:19.973419+00:00,P,88.73,2.0,P,88.58,1.0,['R'],C,88.655
GOOG,2023-01-09 09:53:20.014783+00:00,P,88.7,1.0,P,88.58,1.0,['R'],C,88.64
GOOG,2023-01-09 09:53:25.014816+00:00,P,88.73,2.0,P,88.58,1.0,['R'],C,88.655
GOOG,2023-01-09 09:53:25.055978+00:00,P,88.69,1.0,P,88.58,1.0,['R'],C,88.63499999999999
GOOG,2023-01-09 09:53:32.286679+00:00,P,88.69,1.0,T,88.55,1.0,['R'],C,88.62
GOOG,2023-01-09 09:53:32.295141+00:00,P,88.69,1.0,P,88.59,1.0,['R'],C,88.64
GOOG,2023-01-09 09:53:35.332079+00:00,P,88.69,1.0,T,88.55,1.0,['R'],C,88.62
GOOG,2023-01-09 09:53:35.334824+00:00,P,88.69,1.0,P,88.58,1.0,['R'],C,88.63499999999999
GOOG,2023-01-09 09:53:38.439487+00:00,P,88.73,2.0,P,88.58,1.0,['R'],C,88.655
GOOG,2023-01-09 09:53:38.442155+00:00,P,88.7,1.0,P,88.58,1.0,['R'],C,88.64
GOOG,2023-01-09 09:53:44.908889+00:00,P,88.73,2.0,P,88.58,1.0,['R'],C,88.655
GOOG,2023-01-09 09:53:44.918146+00:00,P,88.69,1.0,P,88.58,1.0,['R'],C,88.63499999999999
GOOG,2023-01-09 09:53:48.782171+00:00,P,88.73,2.0,P,88.58,1.0,['R'],C,88.655
GOOG,2023-01-09 09:53:48.784620+00:00,P,88.7,1.0,P,88.58,1.0,['R'],C,88.64
GOOG,2023-01-09 09:53:51.881824+00:00,P,88.7,1.0,T,88.55,1.0,['R'],C,88.625
GOOG,2023-01-09 09:53:54.625409+00:00,P,88.73,2.0,T,88.55,1.0,['R'],C,88.64
GOOG,2023-01-09 09:53:54.666603+00:00,P,88.69,1.0,T,88.55,1.0,['R'],C,88.62
GOOG,2023-01-09 09:53:59.790339+00:00,T,88.65,2.0,T,88.55,1.0,['R'],C,88.6
GOOG,2023-01-09 09:54:59.598053+00:00,T,88.65,2.0,P,88.53,1.0,['R'],C,88.59
GOOG,2023-01-09 09:54:59.599340+00:00,T,88.65,2.0,T,88.55,1.0,['R'],C,88.6
GOOG,2023-01-09 09:55:11.314701+00:00,T,88.65,2.0,P,88.53,1.0,['R'],C,88.59
GOOG,2023-01-09 09:55:11.315885+00:00,T,88.65,2.0,T,88.55,1.0,['R'],C,88.6
GOOG,2023-01-09 09:55:47.253983+00:00,T,88.65,2.0,P,88.53,1.0,['R'],C,88.59
GOOG,2023-01-09 09:55:47.255293+00:00,T,88.65,2.0,T,88.55,1.0,['R'],C,88.6
GOOG,2023-01-09 09:56:38.319810+00:00,T,88.65,2.0,P,88.53,1.0,['R'],C,88.59
GOOG,2023-01-09 09:56:38.320751+00:00,T,88.65,2.0,T,88.55,1.0,['R'],C,88.6
GOOG,2023-01-09 09:56:58.069227+00:00,T,88.65,3.0,T,88.55,1.0,['R'],C,88.6
GOOG,2023-01-09 09:56:58.581031+00:00,T,88.65,4.0,T,88.55,1.0,['R'],C,88.6
GOOG,2023-01-09 09:56:59.011300+00:00,P,88.63,1.0,T,88.55,1.0,['R'],C,88.59
GOOG,2023-01-09 09:57:01.816344+00:00,P,88.63,1.0,T,88.62,1.0,['R'],C,88.625
GOOG,2023-01-09 09:57:01.819198+00:00,P,88.62,3.0,T,88.62,1.0,['R'],C,88.62
GOOG,2023-01-09 09:57:01.819295+00:00,P,88.62,3.0,T,88.61,1.0,['R'],C,88.61500000000001
GOOG,2023-01-09 09:57:01.819298+00:00,P,88.62,3.0,P,88.5,1.0,['R'],C,88.56
GOOG,2023-01-09 09:57:01.822202+00:00,P,88.62,3.0,P,88.58,1.0,['R'],C,88.6
GOOG,2023-01-09 09:57:01.862146+00:00,P,88.62,3.0,T,88.5,1.0,['R'],C,88.56
GOOG,2023-01-09 09:57:01.878773+00:00,P,88.62,3.0,P,88.53,1.0,['R'],C,88.575
GOOG,2023-01-09 09:57:01.918726+00:00,P,88.63,1.0,P,88.53,1.0,['R'],C,88.58
GOOG,2023-01-09 09:57:08.782186+00:00,T,88.65,2.0,P,88.53,1.0,['R'],C,88.59
GOOG,2023-01-09 09:57:11.110084+00:00,T,88.65,2.0,T,88.51,2.0,['R'],C,88.58000000000001
GOOG,2023-01-09 09:57:11.123162+00:00,T,88.65,2.0,P,88.52,1.0,['R'],C,88.58500000000001
GOOG,2023-01-09 09:57:11.872293+00:00,T,88.65,2.0,T,88.51,2.0,['R'],C,88.58000000000001
GOOG,2023-01-09 09:57:11.913127+00:00,T,88.65,2.0,P,88.53,1.0,['R'],C,88.59
GOOG,2023-01-09 09:57:14.049892+00:00,T,88.65,2.0,T,88.54,1.0,['R'],C,88.595
GOOG,2023-01-09 09:57:14.974678+00:00,T,88.65,2.0,P,88.54,1.0,['R'],C,88.595
GOOG,2023-01-09 09:57:14.975007+00:00,T,88.65,2.0,P,88.53,1.0,['R'],C,88.59
GOOG,2023-01-09 09:57:17.056180+00:00,T,88.65,2.0,T,88.54,1.0,['R'],C,88.595
GOOG,2023-01-09 09:57:17.812650+00:00,T,88.65,2.0,P,88.53,1.0,['R'],C,88.59
GOOG,2023-01-09 09:57:19.058419+00:00,T,88.65,2.0,T,88.55,1.0,['R'],C,88.6
GOOG,2023-01-09 09:57:21.617842+00:00,T,88.65,2.0,T,88.54,1.0,['R'],C,88.595
GOOG,2023-01-09 09:57:21.826122+00:00,T,88.65,2.0,P,88.53,1.0,['R'],C,88.59
GOOG,2023-01-09 09:57:21.913106+00:00,T,88.65,2.0,T,88.5,1.0,['R'],C,88.575
GOOG,2023-01-09 09:57:21.915428+00:00,T,88.65,2.0,P,88.58,1.0,['R'],C,88.61500000000001
GOOG,2023-01-09 09:57:32.908984+00:00,T,88.65,2.0,T,88.51,1.0,['R'],C,88.58000000000001
GOOG,2023-01-09 09:57:32.912213+00:00,T,88.65,2.0,P,88.53,1.0,['R'],C,88.59
GOOG,2023-01-09 09:57:43.967283+00:00,T,88.65,2.0,T,88.53,1.0,['R'],C,88.59
GOOG,2023-01-09 09:57:50.345217+00:00,T,88.65,2.0,P,88.53,1.0,['R'],C,88.59
GOOG,2023-01-09 09:57:50.807985+00:00,T,88.65,2.0,T,88.51,2.0,['R'],C,88.58000000000001
GOOG,2023-01-09 09:57:50.810414+00:00,T,88.65,2.0,P,88.52,1.0,['R'],C,88.58500000000001
GOOG,2023-01-09 09:57:57.418322+00:00,T,88.65,2.0,P,88.52,2.0,['R'],C,88.58500000000001
GOOG,2023-01-09 09:58:00.810742+00:00,T,88.65,2.0,T,88.52,1.0,['R'],C,88.58500000000001
GOOG,2023-01-09 09:58:00.816476+00:00,T,88.65,2.0,P,88.58,1.0,['R'],C,88.61500000000001
GOOG,2023-01-09 09:58:04.298822+00:00,T,88.65,2.0,T,88.52,1.0,['R'],C,88.58500000000001
GOOG,2023-01-09 09:58:07.303557+00:00,T,88.65,2.0,P,88.52,2.0,['R'],C,88.58500000000001
GOOG,2023-01-09 09:58:13.095728+00:00,P,88.66,1.0,P,88.52,2.0,['R'],C,88.59
GOOG,2023-01-09 09:58:16.901644+00:00,T,88.68,2.0,P,88.52,2.0,['R'],C,88.6
GOOG,2023-01-09 09:58:16.901777+00:00,T,88.68,2.0,T,88.52,1.0,['R'],C,88.6
