_symbol,_timestamp,_ask_exchange,_ask_price,_ask_size,_bid_exchange,_bid_price,_bid_size,_conditions,_tape,market_price
META,2023-01-07 00:05:34.575011+00:00,T,129.97,1.0,P,129.93,10.0,['R'],C,129.95
META,2023-01-07 00:06:29.155068+00:00,T,129.97,1.0,P,129.94,1.0,['R'],C,129.95499999999998
META,2023-01-07 00:07:47.512726+00:00,T,129.97,1.0,P,129.94,2.0,['R'],C,129.95499999999998
META,2023-01-07 00:08:44.105756+00:00,P,129.99,5.0,P,129.94,2.0,['R'],C,129.965
META,2023-01-07 00:12:20.175352+00:00,P,129.94,27.0,P,129.93,10.0,['R'],C,129.935
META,2023-01-07 00:12:34.471718+00:00,P,129.93,19.0,T,129.92,1.0,['R'],C,129.925
META,2023-01-07 00:12:38.118482+00:00,P,129.93,19.0,K,129.91,2.0,['R'],C,129.92000000000002
META,2023-01-07 00:12:50.198422+00:00,P,129.91,25.0,K,129.91,2.0,['R'],C,129.91
META,2023-01-07 00:12:50.198683+00:00,P,129.91,25.0,K,129.9,9.0,['R'],C,129.905
META,2023-01-07 00:13:02.747296+00:00,P,129.93,19.0,K,129.9,9.0,['R'],C,129.91500000000002
META,2023-01-07 00:13:02.843657+00:00,P,129.9,15.0,K,129.9,9.0,['R'],C,129.9
META,2023-01-07 00:13:02.843721+00:00,P,129.9,14.0,K,129.9,9.0,['R'],C,129.9
META,2023-01-07 00:13:02.843918+00:00,P,129.9,14.0,P,129.81,6.0,['R'],C,129.85500000000002
META,2023-01-07 00:13:02.927364+00:00,P,129.9,14.0,P,129.81,11.0,['R'],C,129.85500000000002
META,2023-01-07 00:13:03.435668+00:00,P,129.9,16.0,P,129.81,11.0,['R'],C,129.85500000000002
META,2023-01-07 00:13:06.175211+00:00,P,129.9,16.0,P,129.81,16.0,['R'],C,129.85500000000002
META,2023-01-07 00:13:06.993780+00:00,P,129.9,14.0,P,129.81,16.0,['R'],C,129.85500000000002
META,2023-01-07 00:13:48.214796+00:00,P,129.89,1.0,P,129.81,16.0,['R'],C,129.85
META,2023-01-07 00:13:50.584473+00:00,P,129.9,14.0,P,129.81,16.0,['R'],C,129.85500000000002
META,2023-01-07 00:13:51.827284+00:00,P,129.9,14.0,P,129.82,1.0,['R'],C,129.86
META,2023-01-07 00:19:35.836795+00:00,P,129.9,8.0,P,129.82,1.0,['R'],C,129.86
META,2023-01-07 00:19:39.231560+00:00,P,129.9,9.0,P,129.82,1.0,['R'],C,129.86
META,2023-01-07 00:19:57.605377+00:00,P,129.9,9.0,P,129.81,16.0,['R'],C,129.85500000000002
META,2023-01-07 00:21:10.507577+00:00,K,129.88,3.0,P,129.81,16.0,['R'],C,129.845
META,2023-01-07 00:21:33.066017+00:00,P,129.9,9.0,P,129.81,16.0,['R'],C,129.85500000000002
META,2023-01-07 00:21:33.107750+00:00,P,129.9,9.0,P,129.81,13.0,['R'],C,129.85500000000002
META,2023-01-07 00:21:41.183248+00:00,P,129.9,9.0,P,129.81,8.0,['R'],C,129.85500000000002
META,2023-01-07 00:21:42.974205+00:00,P,129.9,9.0,P,129.81,3.0,['R'],C,129.85500000000002
META,2023-01-07 00:24:48.732102+00:00,P,129.9,9.0,P,129.82,3.0,['R'],C,129.86
META,2023-01-07 00:25:32.294354+00:00,P,129.89,1.0,P,129.82,3.0,['R'],C,129.855
META,2023-01-07 00:25:33.631101+00:00,P,129.9,9.0,P,129.82,3.0,['R'],C,129.86
META,2023-01-07 00:25:45.054398+00:00,P,129.89,1.0,P,129.82,3.0,['R'],C,129.855
META,2023-01-07 00:25:56.636148+00:00,P,129.89,1.0,T,129.83,2.0,['R'],C,129.86
META,2023-01-07 00:27:10.499629+00:00,P,129.9,9.0,T,129.83,2.0,['R'],C,129.865
META,2023-01-07 00:30:36.593973+00:00,P,129.9,8.0,T,129.83,2.0,['R'],C,129.865
META,2023-01-07 00:30:48.898189+00:00,P,129.9,8.0,P,129.82,3.0,['R'],C,129.86
META,2023-01-07 00:30:48.899761+00:00,P,129.9,8.0,T,129.86,2.0,['R'],C,129.88
META,2023-01-07 00:31:01.959317+00:00,P,129.9,8.0,P,129.82,3.0,['R'],C,129.86
META,2023-01-07 00:31:01.960845+00:00,P,129.9,8.0,T,129.87,2.0,['R'],C,129.885
META,2023-01-07 00:31:08.478890+00:00,P,129.9,6.0,T,129.87,2.0,['R'],C,129.885
META,2023-01-07 00:31:32.179388+00:00,P,129.9,6.0,P,129.87,1.0,['R'],C,129.885
META,2023-01-07 00:31:32.180921+00:00,P,129.9,6.0,T,129.88,2.0,['R'],C,129.89
META,2023-01-07 00:31:46.243244+00:00,P,129.9,6.0,K,129.89,1.0,['R'],C,129.89499999999998
META,2023-01-07 00:31:47.414580+00:00,P,129.9,4.0,K,129.89,1.0,['R'],C,129.89499999999998
META,2023-01-07 00:31:50.208426+00:00,P,129.9,3.0,K,129.89,1.0,['R'],C,129.89499999999998
META,2023-01-07 00:31:53.356100+00:00,P,129.93,20.0,K,129.89,1.0,['R'],C,129.91
META,2023-01-07 00:33:21.418700+00:00,P,129.93,20.0,P,129.82,3.0,['R'],C,129.875
META,2023-01-07 00:33:21.492918+00:00,P,129.93,20.0,P,129.89,1.0,['R'],C,129.91
META,2023-01-07 00:33:29.946619+00:00,P,129.93,20.0,P,129.82,3.0,['R'],C,129.875
META,2023-01-07 00:33:34.400339+00:00,P,129.93,20.0,P,129.87,1.0,['R'],C,129.9
META,2023-01-07 00:33:50.362913+00:00,K,129.93,1.0,P,129.87,1.0,['R'],C,129.9
META,2023-01-07 00:34:23.483209+00:00,P,129.99,5.0,P,129.87,1.0,['R'],C,129.93
META,2023-01-07 00:34:41.073025+00:00,P,129.99,5.0,P,129.82,3.0,['R'],C,129.905
META,2023-01-07 00:35:53.374378+00:00,P,129.99,6.0,P,129.82,3.0,['R'],C,129.905
META,2023-01-07 00:38:21.285398+00:00,P,129.99,5.0,P,129.82,3.0,['R'],C,129.905
META,2023-01-07 00:39:21.075097+00:00,P,129.99,5.0,P,129.88,1.0,['R'],C,129.935
META,2023-01-07 00:41:38.992933+00:00,P,129.98,1.0,P,129.88,1.0,['R'],C,129.93
META,2023-01-07 00:41:47.703747+00:00,T,129.97,1.0,P,129.88,1.0,['R'],C,129.925
META,2023-01-07 00:42:01.494551+00:00,P,129.98,1.0,P,129.88,1.0,['R'],C,129.93
META,2023-01-07 00:42:10.733102+00:00,P,129.98,1.0,P,129.82,3.0,['R'],C,129.89999999999998
META,2023-01-07 00:45:43.254577+00:00,P,129.98,1.0,T,129.9,2.0,['R'],C,129.94
META,2023-01-07 00:46:35.500241+00:00,P,129.98,1.0,P,129.88,1.0,['R'],C,129.93
META,2023-01-07 00:46:35.501889+00:00,P,129.98,1.0,T,129.9,5.0,['R'],C,129.94
META,2023-01-07 00:46:46.187833+00:00,P,129.98,1.0,P,129.88,1.0,['R'],C,129.93
META,2023-01-07 00:46:46.189363+00:00,P,129.98,1.0,T,129.91,5.0,['R'],C,129.945
META,2023-01-07 00:47:17.876448+00:00,P,129.99,5.0,T,129.91,5.0,['R'],C,129.95
META,2023-01-07 00:47:38.346422+00:00,P,129.99,5.0,P,129.88,1.0,['R'],C,129.935
META,2023-01-07 00:47:38.354574+00:00,P,129.99,5.0,K,129.98,3.0,['R'],C,129.985
META,2023-01-07 00:47:38.355168+00:00,P,129.99,5.0,K,129.98,2.0,['R'],C,129.985
META,2023-01-07 00:47:41.706882+00:00,P,129.99,5.0,K,129.98,1.0,['R'],C,129.985
META,2023-01-07 00:47:43.124850+00:00,P,129.99,5.0,P,129.88,1.0,['R'],C,129.935
META,2023-01-07 00:48:22.464160+00:00,P,129.99,4.0,P,129.88,1.0,['R'],C,129.935
META,2023-01-07 00:49:36.445431+00:00,P,129.99,4.0,T,129.94,5.0,['R'],C,129.965
META,2023-01-07 00:51:01.824940+00:00,P,129.99,4.0,P,129.88,1.0,['R'],C,129.935
META,2023-01-07 00:51:01.826471+00:00,P,129.99,4.0,T,129.96,5.0,['R'],C,129.97500000000002
META,2023-01-07 00:51:49.874108+00:00,P,129.99,4.0,P,129.82,4.0,['R'],C,129.905
META,2023-01-07 00:51:49.875676+00:00,P,129.99,4.0,T,129.97,5.0,['R'],C,129.98000000000002
META,2023-01-07 00:52:03.995671+00:00,P,129.99,4.0,T,129.97,4.0,['R'],C,129.98000000000002
META,2023-01-07 00:52:15.602443+00:00,P,129.99,4.0,T,129.97,3.0,['R'],C,129.98000000000002
META,2023-01-07 00:52:27.024384+00:00,P,129.99,4.0,T,129.97,2.0,['R'],C,129.98000000000002
META,2023-01-07 00:52:31.546606+00:00,P,129.99,4.0,P,129.82,4.0,['R'],C,129.905
META,2023-01-07 00:52:37.798663+00:00,P,129.99,4.0,T,129.95,2.0,['R'],C,129.97
META,2023-01-07 00:53:24.131171+00:00,P,129.99,4.0,P,129.82,3.0,['R'],C,129.905
META,2023-01-07 00:54:06.467645+00:00,P,129.99,4.0,P,129.88,1.0,['R'],C,129.935
META,2023-01-07 00:54:37.824703+00:00,P,129.99,4.0,P,129.82,3.0,['R'],C,129.905
META,2023-01-07 00:55:16.782494+00:00,P,129.99,3.0,P,129.82,3.0,['R'],C,129.905
META,2023-01-07 00:55:21.398797+00:00,P,129.98,1.0,P,129.82,3.0,['R'],C,129.89999999999998
META,2023-01-07 00:55:32.803192+00:00,P,129.99,3.0,P,129.82,3.0,['R'],C,129.905
META,2023-01-07 00:56:10.356744+00:00,P,129.99,3.0,P,129.88,1.0,['R'],C,129.935
META,2023-01-07 00:56:29.123680+00:00,P,129.99,3.0,P,129.82,3.0,['R'],C,129.905
META,2023-01-07 00:56:29.209674+00:00,P,129.99,3.0,P,129.88,1.0,['R'],C,129.935
META,2023-01-07 00:56:41.369321+00:00,P,129.99,3.0,P,129.82,3.0,['R'],C,129.905
META,2023-01-07 00:59:10.725287+00:00,P,130.0,15.0,P,129.82,3.0,['R'],C,129.91
META,2023-01-07 00:59:14.127636+00:00,P,130.0,15.0,P,129.99,1.0,['R'],C,129.995
META,2023-01-07 00:59:14.137879+00:00,P,130.0,15.0,P,129.82,3.0,['R'],C,129.91
META,2023-01-07 00:59:24.884532+00:00,P,130.0,15.0,T,129.9,1.0,['R'],C,129.95
META,2023-01-07 00:59:52.714993+00:00,P,130.0,14.0,T,129.9,1.0,['R'],C,129.95
META,2023-01-09 09:00:00.007152+00:00,T,0.0,0.0,T,129.48,2.0,['R'],C,64.74
META,2023-01-09 09:00:00.007183+00:00,T,130.31,2.0,T,129.48,2.0,['R'],C,129.89499999999998
META,2023-01-09 09:00:00.013124+00:00,T,130.31,2.0,K,130.0,1.0,['R'],C,130.155
META,2023-01-09 09:00:00.015269+00:00,T,130.31,2.0,K,129.5,1.0,['R'],C,129.905
META,2023-01-09 09:00:00.015738+00:00,T,130.31,2.0,T,129.48,2.0,['R'],C,129.89499999999998
META,2023-01-09 09:00:00.016213+00:00,T,130.31,2.0,K,129.5,1.0,['R'],C,129.905
META,2023-01-09 09:00:00.017931+00:00,T,130.31,2.0,K,129.8,1.0,['R'],C,130.055
META,2023-01-09 09:00:00.020900+00:00,T,130.31,2.0,P,129.9,1.0,['R'],C,130.10500000000002
META,2023-01-09 09:00:03.794092+00:00,T,130.31,2.0,P,130.1,1.0,['R'],C,130.20499999999998
META,2023-01-09 09:00:22.900448+00:00,T,130.31,2.0,P,130.1,2.0,['R'],C,130.20499999999998
META,2023-01-09 09:00:40.228161+00:00,T,130.31,2.0,T,130.11,7.0,['R'],C,130.21
META,2023-01-09 09:00:40.228793+00:00,P,130.31,1.0,T,130.11,7.0,['R'],C,130.21
META,2023-01-09 09:00:40.764214+00:00,T,130.33,2.0,T,130.11,7.0,['R'],C,130.22000000000003
META,2023-01-09 09:00:40.806198+00:00,P,130.32,1.0,T,130.11,7.0,['R'],C,130.215
META,2023-01-09 09:00:48.107655+00:00,T,130.33,2.0,T,130.11,7.0,['R'],C,130.22000000000003
META,2023-01-09 09:00:48.133453+00:00,P,130.31,1.0,T,130.11,7.0,['R'],C,130.21
META,2023-01-09 09:01:04.959505+00:00,T,130.32,2.0,T,130.11,7.0,['R'],C,130.215
META,2023-01-09 09:01:09.463333+00:00,P,130.33,1.0,T,130.11,7.0,['R'],C,130.22000000000003
META,2023-01-09 09:01:12.459640+00:00,T,130.4,2.0,T,130.11,7.0,['R'],C,130.255
META,2023-01-09 09:01:31.152284+00:00,T,130.4,1.0,T,130.11,7.0,['R'],C,130.255
META,2023-01-09 09:03:18.569433+00:00,K,130.5,5.0,T,130.11,7.0,['R'],C,130.305
META,2023-01-09 09:03:25.713721+00:00,K,130.5,5.0,P,130.1,1.0,['R'],C,130.3
META,2023-01-09 09:03:25.715085+00:00,K,130.5,5.0,T,130.22,7.0,['R'],C,130.36
META,2023-01-09 09:03:30.885994+00:00,K,130.5,5.0,P,130.1,1.0,['R'],C,130.3
META,2023-01-09 09:03:30.887363+00:00,K,130.5,5.0,T,130.26,7.0,['R'],C,130.38
META,2023-01-09 09:03:50.179101+00:00,P,130.44,1.0,T,130.26,7.0,['R'],C,130.35
META,2023-01-09 09:03:50.203896+00:00,K,130.5,5.0,T,130.26,7.0,['R'],C,130.38
META,2023-01-09 09:04:18.058466+00:00,P,130.44,1.0,T,130.26,7.0,['R'],C,130.35
META,2023-01-09 09:04:18.110507+00:00,K,130.5,5.0,T,130.26,7.0,['R'],C,130.38
META,2023-01-09 09:04:18.526947+00:00,P,130.44,1.0,T,130.26,7.0,['R'],C,130.35
META,2023-01-09 09:04:18.537747+00:00,K,130.5,5.0,T,130.26,7.0,['R'],C,130.38
META,2023-01-09 09:04:22.285381+00:00,P,130.44,1.0,T,130.26,7.0,['R'],C,130.35
META,2023-01-09 09:04:22.871295+00:00,K,130.5,5.0,T,130.26,7.0,['R'],C,130.38
META,2023-01-09 09:04:34.514235+00:00,K,130.5,4.0,T,130.26,7.0,['R'],C,130.38
META,2023-01-09 09:04:59.271212+00:00,K,130.5,4.0,P,130.4,1.0,['R'],C,130.45
META,2023-01-09 09:05:15.727673+00:00,K,130.5,4.0,T,130.26,7.0,['R'],C,130.38
META,2023-01-09 09:05:22.521013+00:00,P,130.49,1.0,T,130.26,7.0,['R'],C,130.375
META,2023-01-09 09:05:22.645453+00:00,K,130.5,4.0,T,130.26,7.0,['R'],C,130.38
META,2023-01-09 09:05:23.835811+00:00,P,130.49,1.0,T,130.26,7.0,['R'],C,130.375
META,2023-01-09 09:05:23.960357+00:00,K,130.5,4.0,T,130.26,7.0,['R'],C,130.38
META,2023-01-09 09:05:25.122337+00:00,P,130.49,1.0,T,130.26,7.0,['R'],C,130.375
META,2023-01-09 09:05:25.575163+00:00,K,130.5,4.0,T,130.26,7.0,['R'],C,130.38
META,2023-01-09 09:05:36.404368+00:00,K,130.5,3.0,T,130.26,7.0,['R'],C,130.38
META,2023-01-09 09:05:51.927884+00:00,P,130.49,1.0,T,130.26,7.0,['R'],C,130.375
META,2023-01-09 09:05:52.518332+00:00,K,130.5,3.0,T,130.26,7.0,['R'],C,130.38
META,2023-01-09 09:05:55.748872+00:00,K,130.5,3.0,T,130.27,2.0,['R'],C,130.385
META,2023-01-09 09:06:01.417199+00:00,K,130.5,3.0,T,130.4,7.0,['R'],C,130.45
META,2023-01-09 09:06:04.477843+00:00,P,130.49,1.0,T,130.4,7.0,['R'],C,130.445
META,2023-01-09 09:06:08.494535+00:00,K,130.5,3.0,T,130.4,7.0,['R'],C,130.45
META,2023-01-09 09:06:11.511429+00:00,P,130.49,1.0,T,130.4,7.0,['R'],C,130.445
META,2023-01-09 09:06:30.867989+00:00,K,130.5,3.0,T,130.4,7.0,['R'],C,130.45
META,2023-01-09 09:07:13.133588+00:00,P,130.49,1.0,T,130.4,7.0,['R'],C,130.445
META,2023-01-09 09:07:34.565041+00:00,P,130.49,1.0,T,130.4,5.0,['R'],C,130.445
META,2023-01-09 09:07:34.954740+00:00,P,130.49,1.0,T,130.4,4.0,['R'],C,130.445
META,2023-01-09 09:07:40.084675+00:00,P,130.49,1.0,T,130.25,2.0,['R'],C,130.37
META,2023-01-09 09:07:40.161334+00:00,P,130.49,1.0,P,130.22,1.0,['R'],C,130.35500000000002
META,2023-01-09 09:07:41.178742+00:00,P,130.49,1.0,T,130.18,2.0,['R'],C,130.335
META,2023-01-09 09:07:53.667980+00:00,P,130.49,1.0,P,130.1,1.0,['R'],C,130.29500000000002
META,2023-01-09 09:07:53.740331+00:00,P,130.49,1.0,K,130.24,3.0,['R'],C,130.365
META,2023-01-09 09:07:53.772102+00:00,P,130.49,1.0,T,130.32,2.0,['R'],C,130.405
META,2023-01-09 09:07:56.803915+00:00,P,130.49,1.0,K,130.24,3.0,['R'],C,130.365
META,2023-01-09 09:07:56.806321+00:00,P,130.49,1.0,P,130.21,1.0,['R'],C,130.35000000000002
META,2023-01-09 09:07:56.807894+00:00,P,130.49,1.0,P,130.2,1.0,['R'],C,130.345
META,2023-01-09 09:07:56.809655+00:00,P,130.49,1.0,K,130.0,2.0,['R'],C,130.245
META,2023-01-09 09:07:56.824125+00:00,P,130.49,1.0,P,130.02,1.0,['R'],C,130.255
META,2023-01-09 09:07:56.912407+00:00,P,130.49,1.0,T,130.13,2.0,['R'],C,130.31
META,2023-01-09 09:07:57.350567+00:00,P,130.49,1.0,T,130.15,2.0,['R'],C,130.32
META,2023-01-09 09:07:58.259861+00:00,P,130.49,1.0,P,130.03,1.0,['R'],C,130.26
META,2023-01-09 09:07:58.363814+00:00,P,130.49,1.0,T,130.12,2.0,['R'],C,130.305
META,2023-01-09 09:08:00.011669+00:00,P,130.49,1.0,T,130.13,2.0,['R'],C,130.31
META,2023-01-09 09:08:18.872625+00:00,P,130.49,1.0,P,130.15,1.0,['R'],C,130.32
META,2023-01-09 09:08:29.959249+00:00,P,130.49,1.0,T,130.13,2.0,['R'],C,130.31
META,2023-01-09 09:08:29.962431+00:00,P,130.49,1.0,P,130.16,1.0,['R'],C,130.325
META,2023-01-09 09:08:36.962955+00:00,P,130.49,1.0,T,130.13,2.0,['R'],C,130.31
META,2023-01-09 09:08:58.026999+00:00,P,130.49,1.0,P,130.14,1.0,['R'],C,130.315
META,2023-01-09 09:09:08.026985+00:00,P,130.49,1.0,T,130.13,2.0,['R'],C,130.31
META,2023-01-09 09:09:08.069354+00:00,P,130.49,1.0,P,130.16,1.0,['R'],C,130.325
META,2023-01-09 09:09:18.996311+00:00,P,130.49,1.0,T,130.13,2.0,['R'],C,130.31
META,2023-01-09 09:09:18.999507+00:00,P,130.49,1.0,P,130.18,1.0,['R'],C,130.335
META,2023-01-09 09:09:19.996536+00:00,P,130.49,1.0,T,130.13,2.0,['R'],C,130.31
META,2023-01-09 09:09:20.039884+00:00,P,130.49,1.0,P,130.18,1.0,['R'],C,130.335
META,2023-01-09 09:09:25.454376+00:00,P,130.49,1.0,T,130.13,2.0,['R'],C,130.31
META,2023-01-09 09:09:28.858587+00:00,K,130.5,3.0,T,130.13,2.0,['R'],C,130.315
META,2023-01-09 09:09:28.897273+00:00,P,130.39,1.0,T,130.13,2.0,['R'],C,130.26
META,2023-01-09 09:09:31.927309+00:00,P,130.39,1.0,K,130.13,1.0,['R'],C,130.26
META,2023-01-09 09:09:57.181263+00:00,P,130.39,1.0,P,130.15,1.0,['R'],C,130.26999999999998
META,2023-01-09 09:10:07.186507+00:00,K,130.5,6.0,P,130.15,1.0,['R'],C,130.325
META,2023-01-09 09:10:07.207880+00:00,P,130.39,1.0,P,130.15,1.0,['R'],C,130.26999999999998
META,2023-01-09 09:10:07.332274+00:00,T,130.49,2.0,P,130.15,1.0,['R'],C,130.32
META,2023-01-09 09:10:08.179039+00:00,T,130.49,2.0,K,130.13,1.0,['R'],C,130.31
META,2023-01-09 09:10:08.182044+00:00,T,130.49,2.0,P,130.16,1.0,['R'],C,130.325
META,2023-01-09 09:10:11.450335+00:00,T,130.49,2.0,K,130.13,1.0,['R'],C,130.31
META,2023-01-09 09:10:11.453390+00:00,T,130.49,2.0,P,130.17,1.0,['R'],C,130.32999999999998
META,2023-01-09 09:10:11.530740+00:00,T,130.49,2.0,K,130.13,1.0,['R'],C,130.31
META,2023-01-09 09:10:11.572159+00:00,T,130.49,2.0,P,130.16,1.0,['R'],C,130.325
META,2023-01-09 09:10:14.579677+00:00,T,130.48,2.0,P,130.16,1.0,['R'],C,130.32
META,2023-01-09 09:10:23.537478+00:00,T,130.48,2.0,K,130.13,1.0,['R'],C,130.305
META,2023-01-09 09:10:23.578640+00:00,T,130.48,2.0,P,130.18,1.0,['R'],C,130.32999999999998
META,2023-01-09 09:10:28.567116+00:00,T,130.48,2.0,K,130.13,1.0,['R'],C,130.305
META,2023-01-09 09:11:22.721944+00:00,T,130.48,2.0,P,130.14,1.0,['R'],C,130.31
META,2023-01-09 09:11:35.046913+00:00,T,130.48,2.0,K,130.13,1.0,['R'],C,130.305
META,2023-01-09 09:11:35.049563+00:00,T,130.48,2.0,P,130.16,1.0,['R'],C,130.32
META,2023-01-09 09:11:42.623936+00:00,K,130.5,6.0,P,130.16,1.0,['R'],C,130.32999999999998
META,2023-01-09 09:11:47.808029+00:00,K,130.5,6.0,K,130.13,1.0,['R'],C,130.315
META,2023-01-09 09:11:47.849837+00:00,K,130.5,6.0,P,130.18,1.0,['R'],C,130.34
META,2023-01-09 09:11:54.604454+00:00,P,130.4,1.0,P,130.18,1.0,['R'],C,130.29000000000002
META,2023-01-09 09:12:00.022721+00:00,P,130.4,1.0,K,130.13,1.0,['R'],C,130.265
META,2023-01-09 09:12:00.641851+00:00,K,130.5,6.0,K,130.13,1.0,['R'],C,130.315
META,2023-01-09 09:12:00.646287+00:00,P,130.39,1.0,K,130.13,1.0,['R'],C,130.26
META,2023-01-09 09:12:18.733568+00:00,T,130.49,2.0,K,130.13,1.0,['R'],C,130.31
META,2023-01-09 09:12:18.811802+00:00,P,130.49,1.0,K,130.13,1.0,['R'],C,130.31
META,2023-01-09 09:12:31.285819+00:00,K,130.5,6.0,K,130.13,1.0,['R'],C,130.315
META,2023-01-09 09:12:31.296340+00:00,P,130.4,1.0,K,130.13,1.0,['R'],C,130.265
META,2023-01-09 09:12:31.344799+00:00,K,130.5,6.0,K,130.13,1.0,['R'],C,130.315
META,2023-01-09 09:12:31.385735+00:00,P,130.49,1.0,K,130.13,1.0,['R'],C,130.31
META,2023-01-09 09:12:52.804061+00:00,K,130.5,6.0,K,130.13,1.0,['R'],C,130.315
META,2023-01-09 09:12:52.845523+00:00,P,130.4,1.0,K,130.13,1.0,['R'],C,130.265
META,2023-01-09 09:12:54.890137+00:00,P,130.4,1.0,P,130.15,1.0,['R'],C,130.275
META,2023-01-09 09:12:58.431836+00:00,K,130.5,6.0,P,130.15,1.0,['R'],C,130.325
META,2023-01-09 09:12:58.434860+00:00,P,130.49,1.0,P,130.15,1.0,['R'],C,130.32
META,2023-01-09 09:13:04.969897+00:00,P,130.49,1.0,K,130.13,1.0,['R'],C,130.31
META,2023-01-09 09:13:05.012135+00:00,P,130.49,1.0,P,130.17,1.0,['R'],C,130.32999999999998
META,2023-01-09 09:13:08.435048+00:00,K,130.5,6.0,P,130.17,1.0,['R'],C,130.33499999999998
META,2023-01-09 09:13:08.437957+00:00,P,130.4,1.0,P,130.17,1.0,['R'],C,130.285
META,2023-01-09 09:13:10.233016+00:00,K,130.5,6.0,P,130.17,1.0,['R'],C,130.33499999999998
META,2023-01-09 09:13:10.235925+00:00,P,130.49,1.0,P,130.17,1.0,['R'],C,130.32999999999998
META,2023-01-09 09:13:20.761875+00:00,P,130.49,1.0,K,130.13,1.0,['R'],C,130.31
META,2023-01-09 09:13:30.675709+00:00,K,130.5,6.0,K,130.13,1.0,['R'],C,130.315
META,2023-01-09 09:13:30.716514+00:00,P,130.39,1.0,K,130.13,1.0,['R'],C,130.26
META,2023-01-09 09:14:04.366636+00:00,K,130.5,6.0,K,130.13,1.0,['R'],C,130.315
META,2023-01-09 09:14:04.369987+00:00,P,130.49,1.0,K,130.13,1.0,['R'],C,130.31
META,2023-01-09 09:14:09.030360+00:00,P,130.49,1.0,P,130.15,1.0,['R'],C,130.32
META,2023-01-09 09:14:16.820452+00:00,K,130.5,6.0,P,130.15,1.0,['R'],C,130.325
META,2023-01-09 09:14:16.824630+00:00,P,130.4,1.0,P,130.15,1.0,['R'],C,130.275
META,2023-01-09 09:14:17.923442+00:00,K,130.5,6.0,P,130.15,1.0,['R'],C,130.325
META,2023-01-09 09:14:17.926062+00:00,P,130.49,1.0,P,130.15,1.0,['R'],C,130.32
META,2023-01-09 09:14:18.886226+00:00,P,130.49,1.0,K,130.13,1.0,['R'],C,130.31
META,2023-01-09 09:14:18.927481+00:00,P,130.49,1.0,P,130.24,1.0,['R'],C,130.365
META,2023-01-09 09:14:20.227109+00:00,P,130.49,1.0,T,130.14,2.0,['R'],C,130.315
META,2023-01-09 09:14:20.339863+00:00,P,130.49,1.0,T,130.15,2.0,['R'],C,130.32
META,2023-01-09 09:14:29.581135+00:00,K,130.5,6.0,T,130.15,2.0,['R'],C,130.325
META,2023-01-09 09:14:29.596090+00:00,P,130.4,1.0,T,130.15,2.0,['R'],C,130.275
META,2023-01-09 09:14:29.678264+00:00,K,130.5,6.0,T,130.15,2.0,['R'],C,130.325
META,2023-01-09 09:14:29.719421+00:00,P,130.49,1.0,T,130.15,2.0,['R'],C,130.32
META,2023-01-09 09:14:31.257031+00:00,P,130.49,1.0,P,130.24,1.0,['R'],C,130.365
META,2023-01-09 09:14:31.824088+00:00,P,130.49,1.0,T,130.15,2.0,['R'],C,130.32
META,2023-01-09 09:14:39.698068+00:00,K,130.5,6.0,T,130.15,2.0,['R'],C,130.325
META,2023-01-09 09:14:39.701511+00:00,P,130.39,1.0,T,130.15,2.0,['R'],C,130.26999999999998
META,2023-01-09 09:14:41.510367+00:00,K,130.5,6.0,T,130.15,2.0,['R'],C,130.325
META,2023-01-09 09:14:41.513050+00:00,P,130.49,1.0,T,130.15,2.0,['R'],C,130.32
META,2023-01-09 09:14:46.512350+00:00,K,130.5,6.0,T,130.15,2.0,['R'],C,130.325
META,2023-01-09 09:14:46.718110+00:00,P,130.39,1.0,T,130.15,2.0,['R'],C,130.26999999999998
META,2023-01-09 09:14:51.836353+00:00,P,130.39,1.0,P,130.17,1.0,['R'],C,130.27999999999997
META,2023-01-09 09:14:52.060160+00:00,K,130.5,6.0,P,130.17,1.0,['R'],C,130.33499999999998
META,2023-01-09 09:14:52.063008+00:00,P,130.49,1.0,P,130.17,1.0,['R'],C,130.32999999999998
META,2023-01-09 09:15:07.283334+00:00,K,130.5,6.0,P,130.17,1.0,['R'],C,130.33499999999998
META,2023-01-09 09:15:07.328150+00:00,P,130.4,1.0,P,130.17,1.0,['R'],C,130.285
META,2023-01-09 09:15:10.417798+00:00,P,130.4,1.0,T,130.15,2.0,['R'],C,130.275
META,2023-01-09 09:15:10.460328+00:00,P,130.4,1.0,P,130.19,1.0,['R'],C,130.29500000000002
META,2023-01-09 09:15:12.047548+00:00,P,130.4,1.0,T,130.15,2.0,['R'],C,130.275
META,2023-01-09 09:15:12.050654+00:00,P,130.4,1.0,P,130.18,1.0,['R'],C,130.29000000000002
META,2023-01-09 09:15:12.547591+00:00,K,130.5,6.0,P,130.18,1.0,['R'],C,130.34
META,2023-01-09 09:15:12.589210+00:00,P,130.39,1.0,P,130.18,1.0,['R'],C,130.285
META,2023-01-09 09:15:12.961828+00:00,K,130.5,6.0,P,130.18,1.0,['R'],C,130.34
META,2023-01-09 09:15:13.007045+00:00,P,130.39,1.0,P,130.18,1.0,['R'],C,130.285
META,2023-01-09 09:15:13.030263+00:00,K,130.5,6.0,P,130.18,1.0,['R'],C,130.34
META,2023-01-09 09:15:13.038667+00:00,P,130.39,1.0,P,130.18,1.0,['R'],C,130.285
META,2023-01-09 09:15:13.078430+00:00,K,130.5,6.0,P,130.18,1.0,['R'],C,130.34
META,2023-01-09 09:15:13.120611+00:00,P,130.39,1.0,P,130.18,1.0,['R'],C,130.285
META,2023-01-09 09:15:13.455102+00:00,K,130.5,6.0,P,130.18,1.0,['R'],C,130.34
META,2023-01-09 09:15:13.459368+00:00,P,130.4,1.0,P,130.18,1.0,['R'],C,130.29000000000002
META,2023-01-09 09:15:16.563180+00:00,K,130.5,6.0,P,130.18,1.0,['R'],C,130.34
META,2023-01-09 09:15:16.603536+00:00,P,130.49,1.0,P,130.18,1.0,['R'],C,130.335
META,2023-01-09 09:15:25.517352+00:00,P,130.49,1.0,T,130.15,2.0,['R'],C,130.32
META,2023-01-09 09:15:25.559109+00:00,P,130.49,1.0,P,130.24,1.0,['R'],C,130.365
META,2023-01-09 09:15:29.804598+00:00,K,130.5,6.0,P,130.24,1.0,['R'],C,130.37
META,2023-01-09 09:15:29.846181+00:00,P,130.4,1.0,P,130.24,1.0,['R'],C,130.32
META,2023-01-09 09:15:29.917751+00:00,P,130.4,1.0,T,130.15,2.0,['R'],C,130.275
META,2023-01-09 09:15:30.904873+00:00,K,130.5,6.0,T,130.15,2.0,['R'],C,130.325
META,2023-01-09 09:15:30.908308+00:00,P,130.49,1.0,T,130.15,2.0,['R'],C,130.32
META,2023-01-09 09:15:31.854436+00:00,K,130.5,6.0,T,130.15,2.0,['R'],C,130.325
META,2023-01-09 09:15:31.854975+00:00,K,130.5,5.0,T,130.15,2.0,['R'],C,130.325
META,2023-01-09 09:15:32.290167+00:00,K,130.5,4.0,T,130.15,2.0,['R'],C,130.325
META,2023-01-09 09:15:34.858974+00:00,P,130.49,1.0,T,130.15,2.0,['R'],C,130.32
META,2023-01-09 09:15:49.965924+00:00,P,130.49,1.0,P,130.16,1.0,['R'],C,130.325
META,2023-01-09 09:15:50.398994+00:00,P,130.49,1.0,T,130.15,2.0,['R'],C,130.32
META,2023-01-09 09:15:57.816332+00:00,P,130.49,1.0,K,130.2,1.0,['R'],C,130.345
META,2023-01-09 09:16:06.692496+00:00,K,130.5,4.0,K,130.2,1.0,['R'],C,130.35
META,2023-01-09 09:16:06.695146+00:00,P,130.49,1.0,K,130.2,1.0,['R'],C,130.345
META,2023-01-09 09:16:37.943484+00:00,K,130.5,4.0,K,130.2,1.0,['R'],C,130.35
META,2023-01-09 09:16:37.946463+00:00,P,130.39,1.0,K,130.2,1.0,['R'],C,130.295
META,2023-01-09 09:16:53.257185+00:00,P,130.39,1.0,T,130.31,1.0,['R'],C,130.35
META,2023-01-09 09:17:01.319942+00:00,K,130.5,4.0,T,130.31,1.0,['R'],C,130.405
META,2023-01-09 09:17:01.419910+00:00,T,130.49,2.0,T,130.31,1.0,['R'],C,130.4
META,2023-01-09 09:17:02.017280+00:00,K,130.5,4.0,T,130.31,1.0,['R'],C,130.405
META,2023-01-09 09:17:02.028550+00:00,P,130.49,1.0,T,130.31,1.0,['R'],C,130.4
META,2023-01-09 09:17:02.059758+00:00,K,130.5,4.0,T,130.31,1.0,['R'],C,130.405
META,2023-01-09 09:17:09.020399+00:00,K,130.5,4.0,T,130.33,2.0,['R'],C,130.41500000000002
META,2023-01-09 09:17:41.417023+00:00,K,130.5,4.0,T,130.4,1.0,['R'],C,130.45
META,2023-01-09 09:17:46.666125+00:00,K,130.5,3.0,T,130.4,1.0,['R'],C,130.45
META,2023-01-09 09:17:53.668692+00:00,K,130.5,1.0,T,130.4,1.0,['R'],C,130.45
META,2023-01-09 09:18:02.442427+00:00,K,130.5,1.0,T,130.33,2.0,['R'],C,130.41500000000002
META,2023-01-09 09:18:02.443917+00:00,K,130.5,1.0,T,130.45,1.0,['R'],C,130.475
META,2023-01-09 09:18:04.016512+00:00,P,130.5,2.0,T,130.45,1.0,['R'],C,130.475
META,2023-01-09 09:18:04.107783+00:00,K,130.5,1.0,T,130.45,1.0,['R'],C,130.475
META,2023-01-09 09:18:17.263910+00:00,P,130.5,2.0,T,130.45,1.0,['R'],C,130.475
META,2023-01-09 09:18:17.866486+00:00,P,130.5,2.0,T,130.33,2.0,['R'],C,130.41500000000002
META,2023-01-09 09:18:17.868063+00:00,P,130.5,2.0,T,130.47,1.0,['R'],C,130.485
META,2023-01-09 09:18:17.938120+00:00,P,130.5,2.0,T,130.33,2.0,['R'],C,130.41500000000002
META,2023-01-09 09:18:18.101144+00:00,T,130.45,1.0,T,130.33,2.0,['R'],C,130.39
META,2023-01-09 09:18:18.507792+00:00,P,130.5,2.0,T,130.33,2.0,['R'],C,130.41500000000002
META,2023-01-09 09:18:31.959644+00:00,K,130.5,1.0,T,130.33,2.0,['R'],C,130.41500000000002
META,2023-01-09 09:18:31.962217+00:00,P,130.5,2.0,T,130.33,2.0,['R'],C,130.41500000000002
META,2023-01-09 09:18:36.967444+00:00,K,130.5,1.0,T,130.33,2.0,['R'],C,130.41500000000002
META,2023-01-09 09:18:36.971674+00:00,P,130.49,1.0,T,130.33,2.0,['R'],C,130.41000000000003
META,2023-01-09 09:18:42.386316+00:00,P,130.5,2.0,T,130.33,2.0,['R'],C,130.41500000000002
META,2023-01-09 09:18:44.350934+00:00,K,130.5,1.0,T,130.33,2.0,['R'],C,130.41500000000002
META,2023-01-09 09:18:45.389690+00:00,P,130.5,2.0,T,130.33,2.0,['R'],C,130.41500000000002
META,2023-01-09 09:18:57.412522+00:00,K,130.5,1.0,T,130.33,2.0,['R'],C,130.41500000000002
META,2023-01-09 09:18:57.415418+00:00,P,130.49,1.0,T,130.33,2.0,['R'],C,130.41000000000003
META,2023-01-09 09:19:11.406381+00:00,K,130.5,1.0,T,130.33,2.0,['R'],C,130.41500000000002
META,2023-01-09 09:19:11.447629+00:00,P,130.49,1.0,T,130.33,2.0,['R'],C,130.41000000000003
META,2023-01-09 09:19:11.477304+00:00,K,130.5,1.0,T,130.33,2.0,['R'],C,130.41500000000002
META,2023-01-09 09:19:11.520643+00:00,P,130.49,1.0,T,130.33,2.0,['R'],C,130.41000000000003
META,2023-01-09 09:19:14.197157+00:00,K,130.5,1.0,T,130.33,2.0,['R'],C,130.41500000000002
META,2023-01-09 09:19:26.700009+00:00,K,130.5,1.0,P,130.34,1.0,['R'],C,130.42000000000002
META,2023-01-09 09:19:29.576524+00:00,K,130.5,1.0,T,130.33,2.0,['R'],C,130.41500000000002
META,2023-01-09 09:19:29.580640+00:00,P,130.5,2.0,T,130.33,2.0,['R'],C,130.41500000000002
META,2023-01-09 09:19:29.659045+00:00,K,130.5,1.0,T,130.33,2.0,['R'],C,130.41500000000002
META,2023-01-09 09:19:34.582442+00:00,K,130.5,1.0,P,130.34,1.0,['R'],C,130.42000000000002
META,2023-01-09 09:19:37.704209+00:00,K,130.5,1.0,T,130.33,2.0,['R'],C,130.41500000000002
META,2023-01-09 09:19:42.960541+00:00,P,130.5,2.0,T,130.33,2.0,['R'],C,130.41500000000002
META,2023-01-09 09:19:45.037041+00:00,K,130.5,1.0,T,130.33,2.0,['R'],C,130.41500000000002
META,2023-01-09 09:19:55.072945+00:00,P,130.5,2.0,T,130.33,2.0,['R'],C,130.41500000000002
META,2023-01-09 09:20:23.479295+00:00,K,130.5,1.0,T,130.33,2.0,['R'],C,130.41500000000002
META,2023-01-09 09:20:32.139317+00:00,P,130.49,1.0,T,130.33,2.0,['R'],C,130.41000000000003
META,2023-01-09 09:20:39.314001+00:00,K,130.5,1.0,T,130.33,2.0,['R'],C,130.41500000000002
META,2023-01-09 09:20:49.361795+00:00,P,130.5,2.0,T,130.33,2.0,['R'],C,130.41500000000002
META,2023-01-09 09:20:57.247776+00:00,K,130.5,1.0,T,130.33,2.0,['R'],C,130.41500000000002
META,2023-01-09 09:20:57.250344+00:00,P,130.5,2.0,T,130.33,2.0,['R'],C,130.41500000000002
META,2023-01-09 09:20:58.676381+00:00,K,130.5,1.0,T,130.33,2.0,['R'],C,130.41500000000002
META,2023-01-09 09:21:08.720758+00:00,P,130.5,2.0,T,130.33,2.0,['R'],C,130.41500000000002
META,2023-01-09 09:21:13.720450+00:00,K,130.5,1.0,T,130.33,2.0,['R'],C,130.41500000000002
META,2023-01-09 09:21:13.726804+00:00,P,130.49,1.0,T,130.33,2.0,['R'],C,130.41000000000003
META,2023-01-09 09:21:46.552071+00:00,K,130.5,1.0,T,130.33,2.0,['R'],C,130.41500000000002
META,2023-01-09 09:21:46.554770+00:00,P,130.5,2.0,T,130.33,2.0,['R'],C,130.41500000000002
META,2023-01-09 09:21:46.564792+00:00,K,130.5,1.0,T,130.33,2.0,['R'],C,130.41500000000002
META,2023-01-09 09:21:54.065830+00:00,P,130.49,1.0,T,130.33,2.0,['R'],C,130.41000000000003
META,2023-01-09 09:22:26.475790+00:00,K,130.5,1.0,T,130.33,2.0,['R'],C,130.41500000000002
META,2023-01-09 09:22:26.478883+00:00,P,130.49,1.0,T,130.33,2.0,['R'],C,130.41000000000003
META,2023-01-09 09:22:31.781519+00:00,K,130.5,1.0,T,130.33,2.0,['R'],C,130.41500000000002
META,2023-01-09 09:22:33.134978+00:00,K,130.5,1.0,P,130.34,1.0,['R'],C,130.42000000000002
META,2023-01-09 09:22:34.861051+00:00,K,130.5,1.0,T,130.33,2.0,['R'],C,130.41500000000002
META,2023-01-09 09:22:44.947098+00:00,P,130.5,2.0,T,130.33,2.0,['R'],C,130.41500000000002
META,2023-01-09 09:22:48.002044+00:00,K,130.5,1.0,T,130.33,2.0,['R'],C,130.41500000000002
META,2023-01-09 09:22:52.358855+00:00,P,130.5,1.0,T,130.33,2.0,['R'],C,130.41500000000002
META,2023-01-09 09:22:52.360320+00:00,P,130.65,1.0,T,130.33,2.0,['R'],C,130.49
META,2023-01-09 09:22:52.482196+00:00,P,130.65,1.0,P,130.34,1.0,['R'],C,130.495
META,2023-01-09 09:22:56.864291+00:00,T,130.76,2.0,P,130.34,1.0,['R'],C,130.55
META,2023-01-09 09:22:56.906687+00:00,P,130.65,1.0,P,130.34,1.0,['R'],C,130.495
META,2023-01-09 09:22:59.526977+00:00,P,130.65,1.0,T,130.33,2.0,['R'],C,130.49
META,2023-01-09 09:22:59.532107+00:00,P,130.65,1.0,P,130.36,1.0,['R'],C,130.505
META,2023-01-09 09:23:01.255117+00:00,T,130.76,2.0,P,130.36,1.0,['R'],C,130.56
META,2023-01-09 09:23:01.296246+00:00,P,130.66,1.0,P,130.36,1.0,['R'],C,130.51
META,2023-01-09 09:23:04.532236+00:00,P,130.66,1.0,T,130.34,2.0,['R'],C,130.5
META,2023-01-09 09:23:04.535187+00:00,P,130.66,1.0,P,130.38,1.0,['R'],C,130.51999999999998
META,2023-01-09 09:23:05.555321+00:00,P,130.66,1.0,T,130.34,2.0,['R'],C,130.5
META,2023-01-09 09:23:08.555264+00:00,T,130.76,2.0,T,130.34,2.0,['R'],C,130.55
META,2023-01-09 09:23:08.596295+00:00,P,130.65,1.0,T,130.34,2.0,['R'],C,130.495
META,2023-01-09 09:23:11.544909+00:00,P,130.65,1.0,P,130.36,1.0,['R'],C,130.505
META,2023-01-09 09:23:17.543884+00:00,P,130.65,1.0,P,130.37,1.0,['R'],C,130.51
META,2023-01-09 09:23:21.585980+00:00,P,130.65,1.0,P,130.38,1.0,['R'],C,130.515
META,2023-01-09 09:23:24.546981+00:00,P,130.65,1.0,P,130.5,1.0,['R'],C,130.575
META,2023-01-09 09:23:40.606168+00:00,P,130.65,1.0,T,130.58,2.0,['R'],C,130.615
META,2023-01-09 09:23:43.574341+00:00,P,130.65,1.0,T,130.58,1.0,['R'],C,130.615
META,2023-01-09 09:23:48.059779+00:00,P,130.65,1.0,P,130.53,1.0,['R'],C,130.59
META,2023-01-09 09:23:48.061748+00:00,P,130.65,1.0,P,130.5,1.0,['R'],C,130.575
META,2023-01-09 09:23:50.064085+00:00,P,130.65,1.0,T,130.41,2.0,['R'],C,130.53
META,2023-01-09 09:23:51.302850+00:00,P,130.65,1.0,P,130.38,1.0,['R'],C,130.515
META,2023-01-09 09:23:52.067427+00:00,P,130.65,1.0,P,130.5,1.0,['R'],C,130.575
META,2023-01-09 09:24:40.048210+00:00,P,130.65,1.0,P,130.38,1.0,['R'],C,130.515
META,2023-01-09 09:24:42.051173+00:00,P,130.65,1.0,P,130.5,1.0,['R'],C,130.575
META,2023-01-09 09:24:44.051829+00:00,P,130.65,1.0,P,130.38,1.0,['R'],C,130.515
META,2023-01-09 09:24:46.054270+00:00,P,130.65,1.0,P,130.5,1.0,['R'],C,130.575
META,2023-01-09 09:24:46.417738+00:00,P,130.38,1.0,K,130.2,1.0,['R'],C,130.29
META,2023-01-09 09:24:46.418540+00:00,P,130.65,1.0,K,130.2,1.0,['R'],C,130.425
META,2023-01-09 09:24:46.419698+00:00,T,130.76,2.0,K,130.2,1.0,['R'],C,130.48
META,2023-01-09 09:24:46.552834+00:00,T,130.76,2.0,T,130.29,2.0,['R'],C,130.52499999999998
META,2023-01-09 09:24:46.598533+00:00,T,130.76,2.0,K,130.2,1.0,['R'],C,130.48
META,2023-01-09 09:24:46.598547+00:00,T,130.76,2.0,T,130.21,2.0,['R'],C,130.485
META,2023-01-09 09:24:46.693812+00:00,T,130.74,2.0,T,130.21,2.0,['R'],C,130.47500000000002
META,2023-01-09 09:24:46.757355+00:00,T,130.72,2.0,T,130.21,2.0,['R'],C,130.465
META,2023-01-09 09:24:47.048194+00:00,T,130.7,2.0,T,130.21,2.0,['R'],C,130.45499999999998
META,2023-01-09 09:24:47.149454+00:00,T,130.69,2.0,T,130.21,2.0,['R'],C,130.45
META,2023-01-09 09:24:47.169472+00:00,T,130.65,2.0,T,130.21,2.0,['R'],C,130.43
META,2023-01-09 09:24:47.756042+00:00,T,130.63,2.0,T,130.21,2.0,['R'],C,130.42000000000002
META,2023-01-09 09:24:49.004149+00:00,K,130.99,8.0,T,130.21,2.0,['R'],C,130.60000000000002
META,2023-01-09 09:24:49.004163+00:00,T,130.71,2.0,T,130.21,2.0,['R'],C,130.46
META,2023-01-09 09:24:49.061829+00:00,T,130.71,2.0,T,130.23,2.0,['R'],C,130.47
META,2023-01-09 09:24:50.685971+00:00,T,130.68,2.0,T,130.23,2.0,['R'],C,130.45499999999998
META,2023-01-09 09:24:50.924975+00:00,T,130.68,2.0,P,130.24,1.0,['R'],C,130.46
META,2023-01-09 09:24:50.925035+00:00,P,130.63,1.0,P,130.24,1.0,['R'],C,130.435
META,2023-01-09 09:24:52.528336+00:00,P,130.63,1.0,T,130.24,2.0,['R'],C,130.435
META,2023-01-09 09:24:55.955101+00:00,P,130.63,1.0,P,130.34,1.0,['R'],C,130.485
META,2023-01-09 09:24:58.908552+00:00,P,130.63,1.0,T,130.24,2.0,['R'],C,130.435
META,2023-01-09 09:24:58.913338+00:00,P,130.63,1.0,P,130.34,1.0,['R'],C,130.485
META,2023-01-09 09:24:58.954528+00:00,P,130.63,1.0,T,130.24,2.0,['R'],C,130.435
META,2023-01-09 09:24:58.995352+00:00,P,130.63,1.0,P,130.34,1.0,['R'],C,130.485
META,2023-01-09 09:25:02.418687+00:00,T,130.67,2.0,P,130.34,1.0,['R'],C,130.505
META,2023-01-09 09:25:02.421867+00:00,P,130.65,1.0,P,130.34,1.0,['R'],C,130.495
META,2023-01-09 09:25:11.735550+00:00,K,130.99,8.0,P,130.34,1.0,['R'],C,130.66500000000002
META,2023-01-09 09:25:11.739061+00:00,P,130.69,1.0,P,130.34,1.0,['R'],C,130.515
META,2023-01-09 09:25:12.741976+00:00,P,130.69,1.0,T,130.34,2.0,['R'],C,130.515
META,2023-01-09 09:25:13.846759+00:00,P,130.69,1.0,P,130.35,1.0,['R'],C,130.51999999999998
META,2023-01-09 09:25:14.025687+00:00,T,130.83,2.0,P,130.35,1.0,['R'],C,130.59
META,2023-01-09 09:25:14.037501+00:00,P,130.74,1.0,P,130.35,1.0,['R'],C,130.54500000000002
META,2023-01-09 09:25:20.163633+00:00,P,130.74,1.0,T,130.34,2.0,['R'],C,130.54000000000002
META,2023-01-09 09:25:27.717253+00:00,P,130.74,1.0,P,130.35,1.0,['R'],C,130.54500000000002
META,2023-01-09 09:25:30.695679+00:00,T,130.82,2.0,P,130.35,1.0,['R'],C,130.58499999999998
META,2023-01-09 09:25:30.736736+00:00,P,130.69,1.0,P,130.35,1.0,['R'],C,130.51999999999998
META,2023-01-09 09:25:31.618224+00:00,T,130.82,2.0,P,130.35,1.0,['R'],C,130.58499999999998
META,2023-01-09 09:25:31.621147+00:00,P,130.74,1.0,P,130.35,1.0,['R'],C,130.54500000000002
META,2023-01-09 09:25:34.285037+00:00,P,130.74,1.0,T,130.34,2.0,['R'],C,130.54000000000002
META,2023-01-09 09:25:42.748186+00:00,P,130.74,1.0,P,130.35,1.0,['R'],C,130.54500000000002
META,2023-01-09 09:25:46.809098+00:00,P,130.74,1.0,T,130.34,2.0,['R'],C,130.54000000000002
META,2023-01-09 09:25:47.601175+00:00,T,130.82,2.0,T,130.34,2.0,['R'],C,130.57999999999998
META,2023-01-09 09:25:47.642753+00:00,P,130.69,1.0,T,130.34,2.0,['R'],C,130.515
META,2023-01-09 09:25:52.743037+00:00,P,130.69,1.0,T,130.35,2.0,['R'],C,130.51999999999998
META,2023-01-09 09:25:52.939821+00:00,P,130.69,1.0,P,130.37,1.0,['R'],C,130.53
META,2023-01-09 09:25:56.009579+00:00,P,130.69,1.0,T,130.35,2.0,['R'],C,130.51999999999998
META,2023-01-09 09:25:56.735184+00:00,P,130.69,1.0,T,130.36,2.0,['R'],C,130.525
META,2023-01-09 09:25:58.796937+00:00,P,130.69,1.0,T,130.5,1.0,['R'],C,130.595
META,2023-01-09 09:26:04.766290+00:00,T,130.82,2.0,T,130.5,1.0,['R'],C,130.66
META,2023-01-09 09:26:04.770997+00:00,P,130.69,1.0,T,130.5,1.0,['R'],C,130.595
META,2023-01-09 09:26:26.390817+00:00,T,130.78,2.0,T,130.5,1.0,['R'],C,130.64
META,2023-01-09 09:26:26.432141+00:00,P,130.65,1.0,T,130.5,1.0,['R'],C,130.575
META,2023-01-09 09:26:30.129785+00:00,P,130.65,1.0,P,130.55,1.0,['R'],C,130.60000000000002
META,2023-01-09 09:26:34.007138+00:00,T,130.81,2.0,P,130.55,1.0,['R'],C,130.68
META,2023-01-09 09:26:34.012621+00:00,P,130.66,1.0,P,130.55,1.0,['R'],C,130.60500000000002
META,2023-01-09 09:26:35.521953+00:00,T,130.81,2.0,P,130.55,1.0,['R'],C,130.68
META,2023-01-09 09:26:35.525123+00:00,P,130.68,1.0,P,130.55,1.0,['R'],C,130.615
META,2023-01-09 09:26:50.542217+00:00,T,130.81,2.0,P,130.55,1.0,['R'],C,130.68
META,2023-01-09 09:26:50.557028+00:00,P,130.65,1.0,P,130.55,1.0,['R'],C,130.60000000000002
META,2023-01-09 09:27:00.292346+00:00,P,130.65,1.0,T,130.53,2.0,['R'],C,130.59
META,2023-01-09 09:27:00.295209+00:00,P,130.65,1.0,P,130.56,1.0,['R'],C,130.60500000000002
META,2023-01-09 09:27:07.717296+00:00,T,130.81,2.0,P,130.56,1.0,['R'],C,130.685
META,2023-01-09 09:27:07.720633+00:00,P,130.68,1.0,P,130.56,1.0,['R'],C,130.62
META,2023-01-09 09:27:17.827180+00:00,T,130.81,2.0,P,130.56,1.0,['R'],C,130.685
META,2023-01-09 09:27:17.829821+00:00,P,130.66,1.0,P,130.56,1.0,['R'],C,130.61
META,2023-01-09 09:27:26.426805+00:00,T,130.81,2.0,P,130.56,1.0,['R'],C,130.685
META,2023-01-09 09:27:26.463983+00:00,P,130.65,1.0,P,130.56,1.0,['R'],C,130.60500000000002
META,2023-01-09 09:27:27.059616+00:00,T,130.81,2.0,P,130.56,1.0,['R'],C,130.685
META,2023-01-09 09:27:27.097920+00:00,P,130.66,1.0,P,130.56,1.0,['R'],C,130.61
META,2023-01-09 09:27:27.126259+00:00,T,130.81,2.0,P,130.56,1.0,['R'],C,130.685
META,2023-01-09 09:27:27.129857+00:00,P,130.68,1.0,P,130.56,1.0,['R'],C,130.62
META,2023-01-09 09:27:33.579337+00:00,T,130.81,2.0,P,130.56,1.0,['R'],C,130.685
META,2023-01-09 09:27:33.581987+00:00,P,130.65,1.0,P,130.56,1.0,['R'],C,130.60500000000002
META,2023-01-09 09:27:41.160407+00:00,T,130.81,2.0,P,130.56,1.0,['R'],C,130.685
META,2023-01-09 09:27:41.171513+00:00,P,130.66,1.0,P,130.56,1.0,['R'],C,130.61
META,2023-01-09 09:27:50.098500+00:00,T,130.81,2.0,P,130.56,1.0,['R'],C,130.685
META,2023-01-09 09:27:50.101081+00:00,P,130.65,1.0,P,130.56,1.0,['R'],C,130.60500000000002
META,2023-01-09 09:27:54.168591+00:00,P,130.65,1.0,T,130.5,1.0,['R'],C,130.575
META,2023-01-09 09:30:14.405768+00:00,T,130.77,2.0,T,130.5,1.0,['R'],C,130.635
META,2023-01-09 09:30:14.408683+00:00,P,130.66,1.0,T,130.5,1.0,['R'],C,130.57999999999998
META,2023-01-09 09:30:14.500789+00:00,T,130.77,2.0,T,130.5,1.0,['R'],C,130.635
META,2023-01-09 09:30:14.543641+00:00,P,130.68,1.0,T,130.5,1.0,['R'],C,130.59
META,2023-01-09 09:30:25.211667+00:00,T,130.77,2.0,T,130.5,1.0,['R'],C,130.635
META,2023-01-09 09:30:25.214605+00:00,P,130.66,1.0,T,130.5,1.0,['R'],C,130.57999999999998
META,2023-01-09 09:30:28.398208+00:00,T,130.77,2.0,T,130.5,1.0,['R'],C,130.635
META,2023-01-09 09:30:28.408591+00:00,P,130.68,1.0,T,130.5,1.0,['R'],C,130.59
META,2023-01-09 09:30:38.408556+00:00,T,130.77,2.0,T,130.5,1.0,['R'],C,130.635
META,2023-01-09 09:30:38.428908+00:00,P,130.66,1.0,T,130.5,1.0,['R'],C,130.57999999999998
META,2023-01-09 09:30:44.580929+00:00,T,130.77,2.0,T,130.5,1.0,['R'],C,130.635
META,2023-01-09 09:30:44.585016+00:00,P,130.68,1.0,T,130.5,1.0,['R'],C,130.59
META,2023-01-09 09:30:51.864427+00:00,T,130.77,2.0,T,130.5,1.0,['R'],C,130.635
META,2023-01-09 09:30:51.866550+00:00,P,130.65,1.0,T,130.5,1.0,['R'],C,130.575
META,2023-01-09 09:31:04.303152+00:00,T,130.76,2.0,T,130.5,1.0,['R'],C,130.63
META,2023-01-09 09:31:04.326616+00:00,P,130.68,1.0,T,130.5,1.0,['R'],C,130.59
META,2023-01-09 09:31:12.614863+00:00,T,130.76,2.0,T,130.5,1.0,['R'],C,130.63
META,2023-01-09 09:31:12.657010+00:00,T,130.76,2.0,P,130.55,1.0,['R'],C,130.655
META,2023-01-09 09:31:12.657064+00:00,P,130.69,1.0,P,130.55,1.0,['R'],C,130.62
META,2023-01-09 09:31:12.704451+00:00,P,130.69,1.0,T,130.5,1.0,['R'],C,130.595
META,2023-01-09 09:31:22.656143+00:00,T,130.76,2.0,T,130.5,1.0,['R'],C,130.63
META,2023-01-09 09:31:22.659022+00:00,P,130.68,1.0,T,130.5,1.0,['R'],C,130.59
META,2023-01-09 09:31:32.659301+00:00,T,130.76,2.0,T,130.5,1.0,['R'],C,130.63
META,2023-01-09 09:31:32.662347+00:00,P,130.66,1.0,T,130.5,1.0,['R'],C,130.57999999999998
META,2023-01-09 09:31:33.182508+00:00,T,130.76,2.0,T,130.5,1.0,['R'],C,130.63
META,2023-01-09 09:31:33.185988+00:00,P,130.68,1.0,T,130.5,1.0,['R'],C,130.59
META,2023-01-09 09:31:48.899738+00:00,T,130.76,2.0,T,130.5,1.0,['R'],C,130.63
META,2023-01-09 09:31:48.902315+00:00,P,130.66,1.0,T,130.5,1.0,['R'],C,130.57999999999998
META,2023-01-09 09:31:49.327641+00:00,T,130.76,2.0,T,130.5,1.0,['R'],C,130.63
META,2023-01-09 09:31:49.330244+00:00,P,130.68,1.0,T,130.5,1.0,['R'],C,130.59
META,2023-01-09 09:32:08.396143+00:00,T,130.76,2.0,T,130.5,1.0,['R'],C,130.63
META,2023-01-09 09:32:08.437922+00:00,P,130.65,1.0,T,130.5,1.0,['R'],C,130.575
META,2023-01-09 09:32:30.602504+00:00,T,130.76,2.0,T,130.5,1.0,['R'],C,130.63
META,2023-01-09 09:32:30.605130+00:00,P,130.66,1.0,T,130.5,1.0,['R'],C,130.57999999999998
META,2023-01-09 09:32:30.668745+00:00,T,130.76,2.0,T,130.5,1.0,['R'],C,130.63
META,2023-01-09 09:32:30.672469+00:00,P,130.68,1.0,T,130.5,1.0,['R'],C,130.59
META,2023-01-09 09:32:35.672823+00:00,T,130.76,2.0,T,130.5,1.0,['R'],C,130.63
META,2023-01-09 09:32:35.675653+00:00,P,130.65,1.0,T,130.5,1.0,['R'],C,130.575
META,2023-01-09 09:32:56.192276+00:00,T,130.76,2.0,T,130.5,1.0,['R'],C,130.63
META,2023-01-09 09:32:56.196421+00:00,P,130.66,1.0,T,130.5,1.0,['R'],C,130.57999999999998
META,2023-01-09 09:33:01.195819+00:00,T,130.76,2.0,T,130.5,1.0,['R'],C,130.63
META,2023-01-09 09:33:01.198643+00:00,P,130.65,1.0,T,130.5,1.0,['R'],C,130.575
META,2023-01-09 09:33:01.204234+00:00,T,130.76,2.0,T,130.5,1.0,['R'],C,130.63
META,2023-01-09 09:33:01.215024+00:00,P,130.66,1.0,T,130.5,1.0,['R'],C,130.57999999999998
META,2023-01-09 09:33:03.226722+00:00,T,130.76,2.0,T,130.5,1.0,['R'],C,130.63
META,2023-01-09 09:33:03.229938+00:00,P,130.65,1.0,T,130.5,1.0,['R'],C,130.575
META,2023-01-09 09:33:04.371817+00:00,T,130.76,2.0,T,130.5,1.0,['R'],C,130.63
META,2023-01-09 09:33:04.374555+00:00,P,130.68,1.0,T,130.5,1.0,['R'],C,130.59
META,2023-01-09 09:33:46.177449+00:00,T,130.76,2.0,T,130.5,1.0,['R'],C,130.63
META,2023-01-09 09:33:46.219341+00:00,P,130.68,1.0,T,130.5,1.0,['R'],C,130.59
META,2023-01-09 09:34:05.368141+00:00,T,130.76,2.0,T,130.5,1.0,['R'],C,130.63
META,2023-01-09 09:34:05.435405+00:00,P,130.66,1.0,T,130.5,1.0,['R'],C,130.57999999999998
META,2023-01-09 09:34:05.674851+00:00,T,130.76,2.0,T,130.5,1.0,['R'],C,130.63
META,2023-01-09 09:34:05.717983+00:00,P,130.68,1.0,T,130.5,1.0,['R'],C,130.59
META,2023-01-09 09:34:21.866949+00:00,T,130.76,2.0,T,130.5,1.0,['R'],C,130.63
META,2023-01-09 09:34:21.884947+00:00,P,130.69,1.0,T,130.5,1.0,['R'],C,130.595
META,2023-01-09 09:34:31.884578+00:00,T,130.76,2.0,T,130.5,1.0,['R'],C,130.63
META,2023-01-09 09:34:31.886910+00:00,P,130.66,1.0,T,130.5,1.0,['R'],C,130.57999999999998
META,2023-01-09 09:34:48.091719+00:00,P,130.66,2.0,T,130.5,1.0,['R'],C,130.57999999999998
META,2023-01-09 09:34:49.629546+00:00,P,130.66,1.0,T,130.5,1.0,['R'],C,130.57999999999998
META,2023-01-09 09:34:49.640258+00:00,P,130.66,2.0,T,130.5,1.0,['R'],C,130.57999999999998
META,2023-01-09 09:34:49.913582+00:00,P,130.66,1.0,T,130.5,1.0,['R'],C,130.57999999999998
META,2023-01-09 09:35:15.909229+00:00,P,130.66,2.0,T,130.5,1.0,['R'],C,130.57999999999998
META,2023-01-09 09:35:19.125966+00:00,P,130.66,1.0,T,130.5,1.0,['R'],C,130.57999999999998
META,2023-01-09 09:35:19.136423+00:00,P,130.66,2.0,T,130.5,1.0,['R'],C,130.57999999999998
META,2023-01-09 09:35:20.328691+00:00,P,130.66,1.0,T,130.5,1.0,['R'],C,130.57999999999998
META,2023-01-09 09:35:30.371450+00:00,P,130.66,2.0,T,130.5,1.0,['R'],C,130.57999999999998
META,2023-01-09 09:35:31.851893+00:00,P,130.66,1.0,T,130.5,1.0,['R'],C,130.57999999999998
META,2023-01-09 09:35:38.932293+00:00,P,130.65,1.0,T,130.5,1.0,['R'],C,130.575
META,2023-01-09 09:35:50.835097+00:00,P,130.66,1.0,T,130.5,1.0,['R'],C,130.57999999999998
META,2023-01-09 09:35:50.866099+00:00,P,130.66,2.0,T,130.5,1.0,['R'],C,130.57999999999998
META,2023-01-09 09:35:55.606760+00:00,P,130.66,1.0,T,130.5,1.0,['R'],C,130.57999999999998
META,2023-01-09 09:36:06.861148+00:00,P,130.66,1.0,P,130.38,1.0,['R'],C,130.51999999999998
META,2023-01-09 09:36:24.360069+00:00,P,130.66,1.0,T,130.37,2.0,['R'],C,130.515
META,2023-01-09 09:36:24.382991+00:00,P,130.66,1.0,P,130.4,1.0,['R'],C,130.53
META,2023-01-09 09:36:32.833884+00:00,P,130.66,1.0,T,130.39,2.0,['R'],C,130.52499999999998
META,2023-01-09 09:36:36.968001+00:00,P,130.66,1.0,T,130.4,2.0,['R'],C,130.53
META,2023-01-09 09:36:37.070871+00:00,P,130.66,1.0,T,130.41,2.0,['R'],C,130.535
META,2023-01-09 09:36:40.370308+00:00,P,130.66,1.0,P,130.4,1.0,['R'],C,130.53
META,2023-01-09 09:36:43.372352+00:00,P,130.66,1.0,T,130.39,2.0,['R'],C,130.52499999999998
META,2023-01-09 09:37:14.304249+00:00,P,130.66,1.0,P,130.4,1.0,['R'],C,130.53
META,2023-01-09 09:37:17.344540+00:00,P,130.66,1.0,T,130.39,2.0,['R'],C,130.52499999999998
META,2023-01-09 09:37:38.689677+00:00,P,130.66,1.0,P,130.38,1.0,['R'],C,130.51999999999998
META,2023-01-09 09:37:43.215169+00:00,P,130.66,2.0,P,130.38,1.0,['R'],C,130.51999999999998
META,2023-01-09 09:37:46.714503+00:00,P,130.66,1.0,P,130.38,1.0,['R'],C,130.51999999999998
META,2023-01-09 09:37:46.728743+00:00,P,130.66,2.0,P,130.38,1.0,['R'],C,130.51999999999998
META,2023-01-09 09:37:48.313842+00:00,P,130.66,1.0,P,130.38,1.0,['R'],C,130.51999999999998
META,2023-01-09 09:37:48.354793+00:00,P,130.66,2.0,P,130.38,1.0,['R'],C,130.51999999999998
META,2023-01-09 09:37:53.354734+00:00,P,130.66,1.0,P,130.38,1.0,['R'],C,130.51999999999998
META,2023-01-09 09:37:53.396924+00:00,P,130.65,1.0,P,130.38,1.0,['R'],C,130.515
META,2023-01-09 09:37:59.685797+00:00,P,130.66,1.0,P,130.38,1.0,['R'],C,130.51999999999998
META,2023-01-09 09:37:59.699832+00:00,P,130.66,2.0,P,130.38,1.0,['R'],C,130.51999999999998
META,2023-01-09 09:37:59.751298+00:00,P,130.66,1.0,P,130.38,1.0,['R'],C,130.51999999999998
META,2023-01-09 09:38:25.517304+00:00,P,130.66,1.0,T,130.37,2.0,['R'],C,130.515
META,2023-01-09 09:38:25.559011+00:00,P,130.66,1.0,P,130.39,1.0,['R'],C,130.52499999999998
META,2023-01-09 09:38:29.244570+00:00,P,130.66,1.0,T,130.28,2.0,['R'],C,130.47
META,2023-01-09 09:38:29.247168+00:00,P,130.66,1.0,P,130.39,1.0,['R'],C,130.52499999999998
META,2023-01-09 09:38:39.252524+00:00,P,130.66,2.0,P,130.39,1.0,['R'],C,130.52499999999998
META,2023-01-09 09:38:39.323051+00:00,P,130.66,1.0,P,130.39,1.0,['R'],C,130.52499999999998
META,2023-01-09 09:38:57.844058+00:00,P,130.66,1.0,T,130.38,2.0,['R'],C,130.51999999999998
META,2023-01-09 09:38:57.885734+00:00,P,130.66,1.0,P,130.4,1.0,['R'],C,130.53
META,2023-01-09 09:39:04.015132+00:00,P,130.66,1.0,T,130.38,2.0,['R'],C,130.51999999999998
META,2023-01-09 09:39:04.018074+00:00,P,130.66,1.0,P,130.39,1.0,['R'],C,130.52499999999998
META,2023-01-09 09:39:06.581659+00:00,P,130.65,1.0,P,130.39,1.0,['R'],C,130.51999999999998
META,2023-01-09 09:39:07.134108+00:00,P,130.66,1.0,P,130.39,1.0,['R'],C,130.52499999999998
META,2023-01-09 09:39:07.137098+00:00,P,130.66,2.0,P,130.39,1.0,['R'],C,130.52499999999998
META,2023-01-09 09:39:07.390787+00:00,P,130.66,1.0,P,130.39,1.0,['R'],C,130.52499999999998
META,2023-01-09 09:39:12.450483+00:00,P,130.65,1.0,P,130.39,1.0,['R'],C,130.51999999999998
META,2023-01-09 09:39:44.216981+00:00,P,130.66,1.0,P,130.39,1.0,['R'],C,130.52499999999998
META,2023-01-09 09:39:44.224310+00:00,P,130.66,1.0,T,130.38,2.0,['R'],C,130.51999999999998
META,2023-01-09 09:39:44.265494+00:00,P,130.66,1.0,P,130.4,1.0,['R'],C,130.53
META,2023-01-09 09:39:44.275132+00:00,P,130.66,1.0,T,130.44,2.0,['R'],C,130.55
META,2023-01-09 09:39:44.334397+00:00,P,130.66,1.0,T,130.45,2.0,['R'],C,130.555
META,2023-01-09 09:39:44.505868+00:00,P,130.66,1.0,T,130.47,2.0,['R'],C,130.565
META,2023-01-09 09:40:15.448647+00:00,P,130.66,1.0,P,130.48,1.0,['R'],C,130.57
META,2023-01-09 09:40:30.721399+00:00,P,130.66,2.0,P,130.48,1.0,['R'],C,130.57
META,2023-01-09 09:40:30.858334+00:00,P,130.66,1.0,P,130.48,1.0,['R'],C,130.57
META,2023-01-09 09:40:49.739472+00:00,P,130.64,1.0,P,130.48,1.0,['R'],C,130.56
META,2023-01-09 09:41:09.566942+00:00,P,130.64,1.0,T,130.47,2.0,['R'],C,130.555
META,2023-01-09 09:41:09.608930+00:00,P,130.64,1.0,K,130.0,2.0,['R'],C,130.32
META,2023-01-09 09:41:09.609075+00:00,P,130.64,1.0,P,130.46,1.0,['R'],C,130.55
META,2023-01-09 09:41:09.709119+00:00,P,130.64,1.0,T,130.46,2.0,['R'],C,130.55
META,2023-01-09 09:41:18.360320+00:00,P,130.64,1.0,P,130.47,1.0,['R'],C,130.555
META,2023-01-09 09:41:32.112912+00:00,P,130.64,1.0,T,130.47,2.0,['R'],C,130.555
META,2023-01-09 09:41:32.166112+00:00,P,130.64,1.0,T,130.48,2.0,['R'],C,130.56
META,2023-01-09 09:42:00.503434+00:00,P,130.64,1.0,T,130.49,2.0,['R'],C,130.565
META,2023-01-09 09:42:17.171575+00:00,P,130.64,1.0,P,130.49,1.0,['R'],C,130.565
META,2023-01-09 09:42:17.336229+00:00,P,130.64,1.0,T,130.49,2.0,['R'],C,130.565
META,2023-01-09 09:42:25.104755+00:00,P,130.64,1.0,T,130.49,1.0,['R'],C,130.565
META,2023-01-09 09:42:48.509615+00:00,P,130.64,2.0,T,130.49,1.0,['R'],C,130.565
META,2023-01-09 09:42:48.584461+00:00,P,130.64,1.0,T,130.49,1.0,['R'],C,130.565
META,2023-01-09 09:43:24.955329+00:00,P,130.64,1.0,T,130.49,2.0,['R'],C,130.565
META,2023-01-09 09:43:33.413978+00:00,P,130.63,1.0,T,130.49,2.0,['R'],C,130.56
META,2023-01-09 09:43:33.485990+00:00,P,130.63,1.0,P,130.49,1.0,['R'],C,130.56
META,2023-01-09 09:43:33.486324+00:00,P,130.64,1.0,P,130.49,1.0,['R'],C,130.565
META,2023-01-09 09:43:33.487737+00:00,P,130.64,1.0,T,130.4,2.0,['R'],C,130.51999999999998
META,2023-01-09 09:43:33.680738+00:00,P,130.64,1.0,T,130.41,2.0,['R'],C,130.52499999999998
META,2023-01-09 09:43:34.819938+00:00,P,130.64,1.0,T,130.42,2.0,['R'],C,130.52999999999997
META,2023-01-09 09:43:51.062963+00:00,P,130.64,1.0,T,130.43,2.0,['R'],C,130.535
META,2023-01-09 09:44:02.427574+00:00,P,130.64,1.0,P,130.5,1.0,['R'],C,130.57
META,2023-01-09 09:44:15.702650+00:00,P,130.64,1.0,T,130.43,2.0,['R'],C,130.535
META,2023-01-09 09:44:16.514208+00:00,P,130.64,1.0,T,130.44,2.0,['R'],C,130.54
META,2023-01-09 09:44:48.317519+00:00,P,130.64,1.0,T,130.47,2.0,['R'],C,130.555
META,2023-01-09 09:44:51.309728+00:00,P,130.64,1.0,T,130.48,2.0,['R'],C,130.56
META,2023-01-09 09:44:53.279935+00:00,P,130.66,1.0,T,130.48,2.0,['R'],C,130.57
META,2023-01-09 09:45:01.348906+00:00,P,130.66,1.0,P,130.49,1.0,['R'],C,130.575
META,2023-01-09 09:45:07.028907+00:00,P,130.66,1.0,T,130.49,2.0,['R'],C,130.575
META,2023-01-09 09:45:07.035377+00:00,P,130.66,1.0,P,130.5,1.0,['R'],C,130.57999999999998
META,2023-01-09 09:45:10.227833+00:00,P,130.66,1.0,T,130.5,2.0,['R'],C,130.57999999999998
META,2023-01-09 09:45:15.509222+00:00,T,130.83,2.0,T,130.5,2.0,['R'],C,130.66500000000002
META,2023-01-09 09:45:15.514785+00:00,T,130.83,2.0,P,130.66,1.0,['R'],C,130.745
META,2023-01-09 09:45:15.515496+00:00,T,130.83,2.0,T,130.01,2.0,['R'],C,130.42000000000002
META,2023-01-09 09:45:15.617895+00:00,T,130.83,2.0,T,130.5,2.0,['R'],C,130.66500000000002
META,2023-01-09 09:45:16.739895+00:00,T,130.83,2.0,T,130.53,2.0,['R'],C,130.68
META,2023-01-09 09:45:18.519817+00:00,T,130.83,2.0,P,130.54,1.0,['R'],C,130.685
META,2023-01-09 09:45:25.986929+00:00,T,130.83,2.0,T,130.54,2.0,['R'],C,130.685
META,2023-01-09 09:45:28.932567+00:00,T,130.83,2.0,P,130.55,1.0,['R'],C,130.69
META,2023-01-09 09:45:33.931319+00:00,T,130.83,2.0,T,130.54,2.0,['R'],C,130.685
META,2023-01-09 09:45:33.934559+00:00,T,130.83,2.0,P,130.61,1.0,['R'],C,130.72000000000003
META,2023-01-09 09:45:51.527612+00:00,T,130.83,2.0,T,130.55,2.0,['R'],C,130.69
META,2023-01-09 09:46:01.654002+00:00,P,130.87,1.0,T,130.55,2.0,['R'],C,130.71
META,2023-01-09 09:46:01.725753+00:00,P,130.87,1.0,P,130.53,1.0,['R'],C,130.7
META,2023-01-09 09:46:01.732006+00:00,P,130.87,1.0,T,130.51,2.0,['R'],C,130.69
META,2023-01-09 09:46:01.734396+00:00,K,130.99,8.0,T,130.51,2.0,['R'],C,130.75
META,2023-01-09 09:46:01.738723+00:00,K,130.99,8.0,T,130.01,2.0,['R'],C,130.5
META,2023-01-09 09:46:01.740994+00:00,K,130.99,8.0,P,130.58,1.0,['R'],C,130.78500000000003
META,2023-01-09 09:46:05.907057+00:00,K,130.99,8.0,T,130.6,2.0,['R'],C,130.79500000000002
META,2023-01-09 09:46:14.006502+00:00,K,130.99,8.0,P,130.61,1.0,['R'],C,130.8
META,2023-01-09 09:46:15.784132+00:00,K,130.99,8.0,T,130.01,1.0,['R'],C,130.5
META,2023-01-09 09:46:15.789457+00:00,K,130.99,8.0,T,130.01,2.0,['R'],C,130.5
META,2023-01-09 09:46:15.858421+00:00,K,130.99,8.0,T,130.01,1.0,['R'],C,130.5
META,2023-01-09 09:46:15.889165+00:00,K,130.99,8.0,T,130.43,2.0,['R'],C,130.71
META,2023-01-09 09:46:15.926406+00:00,K,130.99,8.0,T,130.49,2.0,['R'],C,130.74
META,2023-01-09 09:46:16.213958+00:00,K,130.99,8.0,T,130.52,2.0,['R'],C,130.755
META,2023-01-09 09:46:17.221281+00:00,K,130.99,8.0,T,130.53,2.0,['R'],C,130.76
META,2023-01-09 09:46:17.231355+00:00,K,130.99,8.0,T,130.54,2.0,['R'],C,130.765
META,2023-01-09 09:46:17.449716+00:00,K,130.99,8.0,T,130.55,2.0,['R'],C,130.77
META,2023-01-09 09:46:20.926198+00:00,K,130.99,8.0,T,130.58,2.0,['R'],C,130.78500000000003
META,2023-01-09 09:46:23.791029+00:00,K,130.99,8.0,P,130.59,1.0,['R'],C,130.79000000000002
META,2023-01-09 09:46:24.457356+00:00,K,130.99,8.0,T,130.59,2.0,['R'],C,130.79000000000002
META,2023-01-09 09:46:26.071375+00:00,K,130.99,8.0,T,130.6,2.0,['R'],C,130.79500000000002
META,2023-01-09 09:46:36.485121+00:00,K,130.99,8.0,T,130.61,2.0,['R'],C,130.8
META,2023-01-09 09:46:46.279173+00:00,P,130.97,1.0,T,130.61,2.0,['R'],C,130.79000000000002
META,2023-01-09 09:46:48.516524+00:00,P,130.97,1.0,P,130.62,1.0,['R'],C,130.79500000000002
META,2023-01-09 09:46:48.540308+00:00,P,130.97,1.0,T,130.01,1.0,['R'],C,130.49
META,2023-01-09 09:46:48.643886+00:00,P,130.97,1.0,T,130.55,2.0,['R'],C,130.76
META,2023-01-09 09:46:48.731083+00:00,P,130.97,1.0,T,130.56,2.0,['R'],C,130.765
META,2023-01-09 09:46:49.290405+00:00,K,130.99,8.0,T,130.56,2.0,['R'],C,130.775
META,2023-01-09 09:46:49.513053+00:00,K,130.99,8.0,T,130.57,2.0,['R'],C,130.78
META,2023-01-09 09:46:49.532079+00:00,K,130.99,8.0,T,130.58,2.0,['R'],C,130.78500000000003
META,2023-01-09 09:46:49.887932+00:00,K,130.99,8.0,T,130.01,1.0,['R'],C,130.5
META,2023-01-09 09:46:49.887946+00:00,K,130.99,8.0,T,130.5,2.0,['R'],C,130.745
META,2023-01-09 09:46:49.913688+00:00,K,130.99,8.0,K,130.51,3.0,['R'],C,130.75
META,2023-01-09 09:46:49.945433+00:00,K,130.99,8.0,T,130.52,2.0,['R'],C,130.755
META,2023-01-09 09:46:49.971985+00:00,K,130.99,8.0,K,130.53,3.0,['R'],C,130.76
META,2023-01-09 09:46:50.098416+00:00,K,130.99,8.0,T,130.53,2.0,['R'],C,130.76
META,2023-01-09 09:46:50.126338+00:00,K,130.99,8.0,K,130.53,3.0,['R'],C,130.76
META,2023-01-09 09:46:50.155035+00:00,K,130.99,8.0,T,130.57,2.0,['R'],C,130.78
META,2023-01-09 09:46:50.852631+00:00,K,130.99,8.0,T,130.59,2.0,['R'],C,130.79000000000002
META,2023-01-09 09:46:56.749704+00:00,K,130.99,8.0,P,130.59,1.0,['R'],C,130.79000000000002
META,2023-01-09 09:46:56.854934+00:00,K,130.99,8.0,T,130.59,2.0,['R'],C,130.79000000000002
META,2023-01-09 09:46:59.061233+00:00,K,130.99,8.0,P,130.61,1.0,['R'],C,130.8
META,2023-01-09 09:47:03.859128+00:00,K,130.99,8.0,T,130.59,2.0,['R'],C,130.79000000000002
META,2023-01-09 09:47:15.387417+00:00,K,130.99,8.0,T,130.6,2.0,['R'],C,130.79500000000002
META,2023-01-09 09:47:54.896666+00:00,K,130.99,8.0,T,130.01,1.0,['R'],C,130.5
META,2023-01-09 09:47:54.896684+00:00,K,130.99,8.0,T,130.51,2.0,['R'],C,130.75
META,2023-01-09 09:47:54.953907+00:00,K,130.99,8.0,T,130.55,2.0,['R'],C,130.77
META,2023-01-09 09:47:55.455341+00:00,K,130.99,8.0,T,130.01,1.0,['R'],C,130.5
META,2023-01-09 09:47:55.455355+00:00,K,130.99,8.0,T,130.46,2.0,['R'],C,130.72500000000002
META,2023-01-09 09:47:55.515258+00:00,K,130.99,8.0,T,130.47,2.0,['R'],C,130.73000000000002
META,2023-01-09 09:47:55.562456+00:00,K,130.99,8.0,T,130.53,2.0,['R'],C,130.76
META,2023-01-09 09:47:59.192455+00:00,T,130.98,2.0,T,130.53,2.0,['R'],C,130.755
META,2023-01-09 09:48:07.260806+00:00,T,130.97,2.0,T,130.53,2.0,['R'],C,130.75
META,2023-01-09 09:48:19.116218+00:00,T,130.96,2.0,T,130.53,2.0,['R'],C,130.745
META,2023-01-09 09:48:22.157567+00:00,T,130.96,2.0,T,130.01,1.0,['R'],C,130.485
META,2023-01-09 09:48:22.157583+00:00,T,130.96,2.0,T,130.42,2.0,['R'],C,130.69
META,2023-01-09 09:48:22.284057+00:00,T,130.96,2.0,T,130.49,2.0,['R'],C,130.72500000000002
META,2023-01-09 09:48:23.078924+00:00,T,130.96,2.0,T,130.5,2.0,['R'],C,130.73000000000002
META,2023-01-09 09:48:23.913136+00:00,T,130.96,2.0,T,130.53,2.0,['R'],C,130.745
META,2023-01-09 09:48:26.482565+00:00,T,130.96,2.0,T,130.01,1.0,['R'],C,130.485
META,2023-01-09 09:48:26.482582+00:00,T,130.96,2.0,T,130.45,2.0,['R'],C,130.70499999999998
META,2023-01-09 09:48:26.540168+00:00,T,130.95,2.0,T,130.45,2.0,['R'],C,130.7
META,2023-01-09 09:48:26.577319+00:00,T,130.95,2.0,T,130.47,2.0,['R'],C,130.70999999999998
META,2023-01-09 09:48:26.883373+00:00,T,130.95,2.0,T,130.49,2.0,['R'],C,130.72
META,2023-01-09 09:48:28.849249+00:00,T,130.94,2.0,T,130.49,2.0,['R'],C,130.715
META,2023-01-09 09:48:33.957611+00:00,T,130.94,2.0,T,130.5,2.0,['R'],C,130.72
META,2023-01-09 09:48:36.438596+00:00,T,130.93,2.0,T,130.5,2.0,['R'],C,130.715
META,2023-01-09 09:48:38.587021+00:00,T,130.93,2.0,P,130.53,1.0,['R'],C,130.73000000000002
META,2023-01-09 09:48:38.615194+00:00,T,130.93,2.0,T,130.5,2.0,['R'],C,130.715
META,2023-01-09 09:48:38.643724+00:00,T,130.93,2.0,T,130.51,2.0,['R'],C,130.72
META,2023-01-09 09:48:38.672810+00:00,T,130.93,2.0,T,130.52,2.0,['R'],C,130.72500000000002
META,2023-01-09 09:48:43.512677+00:00,T,130.93,2.0,T,130.53,2.0,['R'],C,130.73000000000002
META,2023-01-09 09:49:04.615672+00:00,T,130.7,1.0,T,130.53,2.0,['R'],C,130.615
META,2023-01-09 09:49:08.002842+00:00,T,130.7,1.0,P,130.44,1.0,['R'],C,130.57
META,2023-01-09 09:49:08.002855+00:00,T,130.7,1.0,T,130.45,2.0,['R'],C,130.575
META,2023-01-09 09:49:08.059948+00:00,T,130.7,1.0,T,130.47,2.0,['R'],C,130.58499999999998
META,2023-01-09 09:49:16.955241+00:00,T,130.7,1.0,P,130.43,1.0,['R'],C,130.565
META,2023-01-09 09:49:16.955290+00:00,T,130.7,1.0,T,130.01,1.0,['R'],C,130.355
META,2023-01-09 09:49:17.061295+00:00,T,130.7,1.0,T,130.35,2.0,['R'],C,130.52499999999998
META,2023-01-09 09:49:17.183596+00:00,T,130.7,1.0,T,130.38,2.0,['R'],C,130.54
META,2023-01-09 09:49:20.740014+00:00,T,130.7,1.0,T,130.4,2.0,['R'],C,130.55
META,2023-01-09 09:49:24.394685+00:00,T,130.7,1.0,T,130.41,2.0,['R'],C,130.555
META,2023-01-09 09:49:45.676114+00:00,T,130.7,1.0,T,130.01,1.0,['R'],C,130.355
META,2023-01-09 09:49:45.676132+00:00,T,130.7,1.0,T,130.33,2.0,['R'],C,130.515
META,2023-01-09 09:49:45.733218+00:00,T,130.7,1.0,T,130.35,2.0,['R'],C,130.52499999999998
META,2023-01-09 09:49:45.828472+00:00,T,130.7,1.0,T,130.37,2.0,['R'],C,130.535
META,2023-01-09 09:49:49.796278+00:00,T,130.7,1.0,T,130.39,2.0,['R'],C,130.545
META,2023-01-09 09:49:55.039596+00:00,T,130.7,1.0,T,130.4,2.0,['R'],C,130.55
META,2023-01-09 09:50:00.162258+00:00,T,130.7,1.0,T,130.41,2.0,['R'],C,130.555
META,2023-01-09 09:50:21.958476+00:00,T,130.7,1.0,T,130.42,2.0,['R'],C,130.56
META,2023-01-09 09:50:33.524156+00:00,T,130.7,1.0,T,130.01,1.0,['R'],C,130.355
META,2023-01-09 09:50:33.524171+00:00,T,130.7,1.0,T,130.32,2.0,['R'],C,130.51
META,2023-01-09 09:50:33.582001+00:00,T,130.7,1.0,T,130.35,2.0,['R'],C,130.52499999999998
META,2023-01-09 09:50:34.424416+00:00,T,130.7,1.0,T,130.37,2.0,['R'],C,130.535
META,2023-01-09 09:50:49.124070+00:00,T,130.7,1.0,T,130.01,1.0,['R'],C,130.355
META,2023-01-09 09:50:49.124082+00:00,T,130.7,1.0,T,130.29,2.0,['R'],C,130.495
META,2023-01-09 09:50:49.409150+00:00,T,130.7,1.0,P,130.4,1.0,['R'],C,130.55
META,2023-01-09 09:50:50.759318+00:00,T,130.7,1.0,P,130.62,6.0,['R'],C,130.66
META,2023-01-09 09:51:05.786386+00:00,T,130.84,2.0,P,130.62,6.0,['R'],C,130.73000000000002
META,2023-01-09 09:51:05.786883+00:00,T,130.84,2.0,K,130.7,4.0,['R'],C,130.76999999999998
META,2023-01-09 09:51:05.789644+00:00,T,130.84,2.0,K,130.7,2.0,['R'],C,130.76999999999998
META,2023-01-09 09:51:05.862872+00:00,P,130.85,1.0,K,130.7,2.0,['R'],C,130.77499999999998
META,2023-01-09 09:51:08.793350+00:00,P,130.85,1.0,P,130.63,1.0,['R'],C,130.74
META,2023-01-09 09:51:08.795232+00:00,P,130.85,1.0,P,130.62,6.0,['R'],C,130.735
META,2023-01-09 09:51:12.557233+00:00,T,130.96,2.0,P,130.62,6.0,['R'],C,130.79000000000002
META,2023-01-09 09:51:15.361375+00:00,P,130.7,2.0,P,130.62,6.0,['R'],C,130.66
META,2023-01-09 09:51:22.639836+00:00,P,130.7,3.0,P,130.62,6.0,['R'],C,130.66
META,2023-01-09 09:51:31.430645+00:00,P,130.7,2.0,P,130.62,6.0,['R'],C,130.66
META,2023-01-09 09:51:31.433665+00:00,P,130.69,1.0,P,130.62,6.0,['R'],C,130.655
META,2023-01-09 09:52:08.796220+00:00,P,130.69,1.0,P,130.62,2.0,['R'],C,130.655
META,2023-01-09 09:52:13.642720+00:00,T,130.83,2.0,P,130.62,2.0,['R'],C,130.72500000000002
META,2023-01-09 09:52:13.719772+00:00,P,130.85,1.0,P,130.62,2.0,['R'],C,130.735
META,2023-01-09 09:52:22.436988+00:00,T,130.9,2.0,P,130.62,2.0,['R'],C,130.76
META,2023-01-09 09:52:22.446684+00:00,P,130.84,1.0,P,130.62,2.0,['R'],C,130.73000000000002
META,2023-01-09 09:52:24.902935+00:00,T,130.84,2.0,P,130.62,2.0,['R'],C,130.73000000000002
META,2023-01-09 09:52:25.300831+00:00,T,130.83,2.0,P,130.62,2.0,['R'],C,130.72500000000002
META,2023-01-09 09:53:07.197948+00:00,T,130.82,2.0,P,130.62,2.0,['R'],C,130.72
META,2023-01-09 09:53:12.686296+00:00,P,130.84,1.0,P,130.62,2.0,['R'],C,130.73000000000002
META,2023-01-09 09:53:13.637983+00:00,P,130.84,1.0,T,130.65,1.0,['R'],C,130.745
META,2023-01-09 09:53:15.738557+00:00,T,130.83,2.0,T,130.65,1.0,['R'],C,130.74
META,2023-01-09 09:53:20.035006+00:00,T,130.83,2.0,T,130.75,1.0,['R'],C,130.79000000000002
META,2023-01-09 09:53:20.035231+00:00,T,130.83,2.0,T,130.7,1.0,['R'],C,130.765
META,2023-01-09 09:53:20.035511+00:00,T,130.83,2.0,T,130.65,1.0,['R'],C,130.74
META,2023-01-09 09:53:20.037531+00:00,P,130.75,2.0,T,130.65,1.0,['R'],C,130.7
META,2023-01-09 09:53:20.138232+00:00,T,130.83,2.0,T,130.65,1.0,['R'],C,130.74
META,2023-01-09 09:53:22.367101+00:00,T,130.83,2.0,T,130.7,1.0,['R'],C,130.765
META,2023-01-09 09:53:22.369336+00:00,T,130.83,2.0,T,130.65,1.0,['R'],C,130.74
META,2023-01-09 09:53:22.370257+00:00,P,130.7,1.0,T,130.65,1.0,['R'],C,130.675
META,2023-01-09 09:53:22.413666+00:00,P,130.69,1.0,T,130.65,1.0,['R'],C,130.67000000000002
META,2023-01-09 09:53:23.885154+00:00,K,130.99,8.0,T,130.65,1.0,['R'],C,130.82
META,2023-01-09 09:53:23.989139+00:00,T,130.83,2.0,T,130.65,1.0,['R'],C,130.74
META,2023-01-09 09:53:27.867660+00:00,T,130.83,2.0,P,130.62,2.0,['R'],C,130.72500000000002
META,2023-01-09 09:53:32.331566+00:00,P,130.83,1.0,P,130.62,2.0,['R'],C,130.72500000000002
META,2023-01-09 09:53:42.792371+00:00,T,130.89,2.0,P,130.62,2.0,['R'],C,130.755
META,2023-01-09 09:53:54.667297+00:00,P,130.88,1.0,P,130.62,2.0,['R'],C,130.75
META,2023-01-09 09:53:58.567726+00:00,T,130.7,1.0,P,130.62,2.0,['R'],C,130.66
META,2023-01-09 09:54:03.955354+00:00,P,130.62,1.0,T,130.48,1.0,['R'],C,130.55
META,2023-01-09 09:54:03.957922+00:00,P,130.62,3.0,T,130.48,1.0,['R'],C,130.55
META,2023-01-09 09:54:04.025482+00:00,P,130.62,3.0,P,130.48,1.0,['R'],C,130.55
META,2023-01-09 09:54:04.025552+00:00,P,130.62,3.0,T,130.01,2.0,['R'],C,130.315
META,2023-01-09 09:54:04.029404+00:00,P,130.62,3.0,P,130.41,1.0,['R'],C,130.515
META,2023-01-09 09:54:04.038353+00:00,P,130.62,3.0,T,130.01,2.0,['R'],C,130.315
META,2023-01-09 09:54:04.057867+00:00,P,130.62,1.0,T,130.01,2.0,['R'],C,130.315
META,2023-01-09 09:54:04.058595+00:00,P,130.62,1.0,P,130.41,1.0,['R'],C,130.515
META,2023-01-09 09:54:04.099765+00:00,P,130.62,1.0,T,130.01,2.0,['R'],C,130.315
META,2023-01-09 09:54:04.127405+00:00,P,130.62,1.0,T,130.34,2.0,['R'],C,130.48000000000002
META,2023-01-09 09:54:04.141057+00:00,P,130.62,1.0,P,130.41,1.0,['R'],C,130.515
META,2023-01-09 09:54:04.710493+00:00,P,130.61,1.0,P,130.41,1.0,['R'],C,130.51
META,2023-01-09 09:54:06.841727+00:00,P,130.61,1.0,T,130.4,2.0,['R'],C,130.505
META,2023-01-09 09:54:06.842843+00:00,P,130.61,1.0,T,130.01,2.0,['R'],C,130.31
META,2023-01-09 09:54:06.842861+00:00,P,130.61,1.0,T,130.32,2.0,['R'],C,130.465
META,2023-01-09 09:54:06.883221+00:00,P,130.61,1.0,P,130.4,1.0,['R'],C,130.505
META,2023-01-09 09:54:13.354233+00:00,P,130.61,1.0,T,130.35,2.0,['R'],C,130.48000000000002
META,2023-01-09 09:54:13.396143+00:00,P,130.61,1.0,P,130.39,1.0,['R'],C,130.5
META,2023-01-09 09:54:15.047645+00:00,T,130.7,1.0,P,130.39,1.0,['R'],C,130.545
META,2023-01-09 09:54:19.090323+00:00,T,130.7,1.0,T,130.35,2.0,['R'],C,130.52499999999998
META,2023-01-09 09:54:19.093486+00:00,T,130.7,1.0,P,130.41,1.0,['R'],C,130.555
META,2023-01-09 09:54:23.308372+00:00,T,130.7,1.0,T,130.36,2.0,['R'],C,130.53
META,2023-01-09 09:54:23.335436+00:00,T,130.7,1.0,P,130.4,1.0,['R'],C,130.55
META,2023-01-09 09:54:28.335810+00:00,T,130.7,1.0,T,130.36,2.0,['R'],C,130.53
META,2023-01-09 09:54:28.338888+00:00,T,130.7,1.0,P,130.41,1.0,['R'],C,130.555
META,2023-01-09 09:54:34.288528+00:00,T,130.7,1.0,T,130.36,2.0,['R'],C,130.53
META,2023-01-09 09:54:34.291865+00:00,T,130.7,1.0,P,130.4,1.0,['R'],C,130.55
META,2023-01-09 09:54:40.339292+00:00,T,130.7,1.0,T,130.36,2.0,['R'],C,130.53
META,2023-01-09 09:54:40.342903+00:00,T,130.7,1.0,P,130.41,1.0,['R'],C,130.555
META,2023-01-09 09:54:42.340634+00:00,T,130.7,1.0,T,130.36,2.0,['R'],C,130.53
META,2023-01-09 09:54:42.343461+00:00,T,130.7,1.0,P,130.4,1.0,['R'],C,130.55
META,2023-01-09 09:54:47.344445+00:00,T,130.7,1.0,T,130.36,2.0,['R'],C,130.53
META,2023-01-09 09:54:47.347386+00:00,T,130.7,1.0,P,130.41,1.0,['R'],C,130.555
META,2023-01-09 09:54:50.644194+00:00,T,130.7,1.0,T,130.36,2.0,['R'],C,130.53
META,2023-01-09 09:54:50.655672+00:00,T,130.7,1.0,P,130.41,1.0,['R'],C,130.555
META,2023-01-09 09:55:12.280192+00:00,T,130.7,1.0,T,130.4,2.0,['R'],C,130.55
META,2023-01-09 09:55:12.286348+00:00,T,130.7,1.0,P,130.41,1.0,['R'],C,130.555
META,2023-01-09 09:55:13.727375+00:00,T,130.7,1.0,T,130.4,2.0,['R'],C,130.55
META,2023-01-09 09:55:13.769456+00:00,T,130.7,1.0,P,130.41,1.0,['R'],C,130.555
META,2023-01-09 09:55:17.201569+00:00,T,130.7,1.0,T,130.4,2.0,['R'],C,130.55
META,2023-01-09 09:55:19.996255+00:00,T,130.7,1.0,P,130.41,1.0,['R'],C,130.555
META,2023-01-09 09:55:24.146739+00:00,T,130.7,1.0,T,130.4,2.0,['R'],C,130.55
META,2023-01-09 09:55:24.187476+00:00,T,130.7,1.0,P,130.41,1.0,['R'],C,130.555
META,2023-01-09 09:55:26.436854+00:00,T,130.7,1.0,T,130.4,2.0,['R'],C,130.55
META,2023-01-09 09:55:26.439489+00:00,T,130.7,1.0,P,130.41,1.0,['R'],C,130.555
META,2023-01-09 09:55:31.251244+00:00,T,130.7,1.0,T,130.4,2.0,['R'],C,130.55
META,2023-01-09 09:55:31.258544+00:00,T,130.7,1.0,P,130.41,1.0,['R'],C,130.555
META,2023-01-09 09:55:31.325847+00:00,T,130.7,1.0,T,130.4,2.0,['R'],C,130.55
META,2023-01-09 09:55:32.400898+00:00,T,130.7,1.0,P,130.39,1.0,['R'],C,130.545
META,2023-01-09 09:55:33.566961+00:00,T,130.7,1.0,T,130.32,2.0,['R'],C,130.51
META,2023-01-09 09:55:33.569699+00:00,T,130.7,1.0,P,130.39,1.0,['R'],C,130.545
META,2023-01-09 09:55:33.900892+00:00,T,130.7,1.0,T,130.32,2.0,['R'],C,130.51
META,2023-01-09 09:55:33.904214+00:00,T,130.7,1.0,P,130.38,1.0,['R'],C,130.54
META,2023-01-09 09:55:35.369664+00:00,T,130.7,1.0,T,130.32,2.0,['R'],C,130.51
META,2023-01-09 09:55:35.382991+00:00,T,130.7,1.0,P,130.34,1.0,['R'],C,130.51999999999998
META,2023-01-09 09:55:55.270920+00:00,T,130.7,1.0,T,130.32,2.0,['R'],C,130.51
META,2023-01-09 09:55:55.273352+00:00,T,130.7,1.0,P,130.38,1.0,['R'],C,130.54
META,2023-01-09 09:55:55.276650+00:00,T,130.7,1.0,T,130.32,2.0,['R'],C,130.51
META,2023-01-09 09:55:55.282655+00:00,T,130.7,1.0,P,130.34,1.0,['R'],C,130.51999999999998
META,2023-01-09 09:55:55.414451+00:00,T,130.7,1.0,T,130.32,2.0,['R'],C,130.51
META,2023-01-09 09:55:55.421390+00:00,T,130.7,1.0,P,130.33,1.0,['R'],C,130.515
META,2023-01-09 09:55:58.418251+00:00,P,130.62,1.0,P,130.33,1.0,['R'],C,130.47500000000002
META,2023-01-09 09:56:00.123609+00:00,P,130.61,1.0,P,130.33,1.0,['R'],C,130.47000000000003
META,2023-01-09 09:56:06.037854+00:00,P,130.61,2.0,P,130.33,1.0,['R'],C,130.47000000000003
META,2023-01-09 09:56:06.039908+00:00,P,130.61,1.0,P,130.33,1.0,['R'],C,130.47000000000003
META,2023-01-09 09:56:06.079355+00:00,P,130.6,1.0,P,130.33,1.0,['R'],C,130.465
META,2023-01-09 09:56:13.638276+00:00,T,130.7,1.0,P,130.33,1.0,['R'],C,130.515
META,2023-01-09 09:56:19.944804+00:00,T,130.7,3.0,P,130.33,1.0,['R'],C,130.515
META,2023-01-09 09:56:22.976888+00:00,T,130.7,3.0,T,130.32,2.0,['R'],C,130.51
META,2023-01-09 09:56:23.017651+00:00,T,130.7,3.0,P,130.41,1.0,['R'],C,130.555
META,2023-01-09 09:56:24.404337+00:00,T,130.7,3.0,T,130.32,2.0,['R'],C,130.51
META,2023-01-09 09:56:24.407193+00:00,T,130.7,3.0,P,130.4,1.0,['R'],C,130.55
META,2023-01-09 09:56:25.162843+00:00,T,130.7,1.0,P,130.4,1.0,['R'],C,130.55
META,2023-01-09 09:56:31.623084+00:00,T,130.7,1.0,T,130.37,2.0,['R'],C,130.535
META,2023-01-09 09:56:31.626132+00:00,T,130.7,1.0,P,130.41,1.0,['R'],C,130.555
META,2023-01-09 09:56:38.084833+00:00,T,130.7,1.0,T,130.37,2.0,['R'],C,130.535
META,2023-01-09 09:56:38.101706+00:00,T,130.7,1.0,P,130.4,1.0,['R'],C,130.55
META,2023-01-09 09:56:41.132332+00:00,T,130.7,1.0,T,130.3,2.0,['R'],C,130.5
META,2023-01-09 09:56:41.135150+00:00,T,130.7,1.0,P,130.39,1.0,['R'],C,130.545
META,2023-01-09 09:56:41.473548+00:00,T,130.7,1.0,T,130.3,2.0,['R'],C,130.5
META,2023-01-09 09:56:41.497169+00:00,T,130.7,1.0,P,130.37,1.0,['R'],C,130.535
META,2023-01-09 09:56:42.176755+00:00,T,130.7,1.0,T,130.3,2.0,['R'],C,130.5
META,2023-01-09 09:56:42.181068+00:00,T,130.7,1.0,P,130.34,1.0,['R'],C,130.51999999999998
META,2023-01-09 09:56:50.195505+00:00,T,130.7,1.0,T,130.24,2.0,['R'],C,130.47
META,2023-01-09 09:56:50.198036+00:00,T,130.7,1.0,P,130.34,1.0,['R'],C,130.51999999999998
META,2023-01-09 09:56:53.960229+00:00,T,130.7,1.0,T,130.26,2.0,['R'],C,130.48
META,2023-01-09 09:56:53.962623+00:00,T,130.7,1.0,P,130.33,1.0,['R'],C,130.515
META,2023-01-09 09:56:54.300848+00:00,T,130.7,3.0,P,130.33,1.0,['R'],C,130.515
META,2023-01-09 09:56:57.490113+00:00,T,130.69,2.0,P,130.33,1.0,['R'],C,130.51
META,2023-01-09 09:56:57.753815+00:00,T,130.68,2.0,P,130.33,1.0,['R'],C,130.505
META,2023-01-09 09:56:58.512591+00:00,T,130.65,2.0,P,130.33,1.0,['R'],C,130.49
META,2023-01-09 09:57:03.717641+00:00,T,130.65,2.0,T,130.26,2.0,['R'],C,130.45499999999998
META,2023-01-09 09:57:03.749449+00:00,T,130.65,2.0,P,130.33,1.0,['R'],C,130.49
META,2023-01-09 09:57:03.786572+00:00,T,130.65,2.0,T,130.26,2.0,['R'],C,130.45499999999998
META,2023-01-09 09:57:03.826762+00:00,T,130.65,2.0,P,130.33,1.0,['R'],C,130.49
META,2023-01-09 09:57:04.973758+00:00,T,130.65,2.0,T,130.26,2.0,['R'],C,130.45499999999998
META,2023-01-09 09:57:06.875165+00:00,P,130.69,1.0,T,130.26,2.0,['R'],C,130.475
META,2023-01-09 09:57:07.222277+00:00,P,130.69,1.0,T,130.27,2.0,['R'],C,130.48000000000002
META,2023-01-09 09:57:07.492972+00:00,P,130.69,1.0,P,130.24,1.0,['R'],C,130.465
META,2023-01-09 09:57:07.878397+00:00,P,130.69,1.0,T,130.24,2.0,['R'],C,130.465
META,2023-01-09 09:57:08.368603+00:00,P,130.69,1.0,T,130.25,2.0,['R'],C,130.47
META,2023-01-09 09:57:08.722473+00:00,P,130.69,1.0,T,130.26,2.0,['R'],C,130.475
META,2023-01-09 09:57:09.673304+00:00,P,130.69,1.0,T,130.29,2.0,['R'],C,130.49
META,2023-01-09 09:57:25.736278+00:00,P,130.69,1.0,T,130.3,2.0,['R'],C,130.495
META,2023-01-09 09:57:30.782752+00:00,T,130.7,1.0,T,130.3,2.0,['R'],C,130.5
META,2023-01-09 09:57:30.785217+00:00,P,130.57,1.0,T,130.3,2.0,['R'],C,130.435
META,2023-01-09 09:57:35.505546+00:00,P,130.57,1.0,P,130.24,1.0,['R'],C,130.405
META,2023-01-09 09:57:37.507438+00:00,P,130.57,1.0,T,130.22,2.0,['R'],C,130.39499999999998
META,2023-01-09 09:57:37.510420+00:00,P,130.57,1.0,P,130.33,1.0,['R'],C,130.45
META,2023-01-09 09:57:38.567570+00:00,P,130.57,1.0,T,130.22,2.0,['R'],C,130.39499999999998
META,2023-01-09 09:57:38.570714+00:00,P,130.57,1.0,P,130.24,1.0,['R'],C,130.405
META,2023-01-09 09:57:51.675731+00:00,P,130.57,1.0,T,130.23,2.0,['R'],C,130.39999999999998
META,2023-01-09 09:57:51.678424+00:00,P,130.57,1.0,P,130.33,1.0,['R'],C,130.45
META,2023-01-09 09:57:51.688716+00:00,P,130.57,1.0,T,130.23,2.0,['R'],C,130.39999999999998
META,2023-01-09 09:57:51.730234+00:00,P,130.57,1.0,P,130.33,1.0,['R'],C,130.45
META,2023-01-09 09:57:51.770403+00:00,P,130.57,1.0,T,130.23,2.0,['R'],C,130.39999999999998
META,2023-01-09 09:57:51.811500+00:00,P,130.57,1.0,P,130.33,1.0,['R'],C,130.45
META,2023-01-09 09:57:51.822909+00:00,P,130.57,1.0,T,130.23,2.0,['R'],C,130.39999999999998
META,2023-01-09 09:57:51.830060+00:00,P,130.57,1.0,P,130.24,1.0,['R'],C,130.405
META,2023-01-09 09:57:59.599779+00:00,T,130.65,2.0,P,130.24,1.0,['R'],C,130.445
META,2023-01-09 09:57:59.602163+00:00,P,130.61,1.0,P,130.24,1.0,['R'],C,130.425
META,2023-01-09 09:58:05.844358+00:00,P,130.61,1.0,T,130.23,2.0,['R'],C,130.42000000000002
META,2023-01-09 09:58:05.854241+00:00,P,130.61,1.0,P,130.25,1.0,['R'],C,130.43
META,2023-01-09 09:58:09.025237+00:00,P,130.61,1.0,T,130.24,2.0,['R'],C,130.425
META,2023-01-09 09:58:20.957981+00:00,P,130.61,1.0,P,130.33,1.0,['R'],C,130.47000000000003
META,2023-01-09 09:58:21.025322+00:00,P,130.61,1.0,T,130.24,2.0,['R'],C,130.425
META,2023-01-09 09:58:31.711838+00:00,P,130.61,1.0,P,130.33,1.0,['R'],C,130.47000000000003
META,2023-01-09 09:58:31.970175+00:00,P,130.61,1.0,T,130.24,2.0,['R'],C,130.425
META,2023-01-09 09:58:32.012162+00:00,P,130.61,1.0,P,130.25,1.0,['R'],C,130.43
META,2023-01-09 09:58:46.748682+00:00,P,130.61,1.0,T,130.24,2.0,['R'],C,130.425
META,2023-01-09 09:58:50.763466+00:00,P,130.61,1.0,T,130.25,2.0,['R'],C,130.43
META,2023-01-09 09:58:56.755223+00:00,P,130.61,1.0,P,130.34,1.0,['R'],C,130.47500000000002
META,2023-01-09 09:59:00.032258+00:00,P,130.61,1.0,T,130.25,2.0,['R'],C,130.43
META,2023-01-09 09:59:00.044714+00:00,P,130.61,1.0,P,130.27,1.0,['R'],C,130.44
META,2023-01-09 09:59:08.875330+00:00,P,130.61,1.0,T,130.24,2.0,['R'],C,130.425
META,2023-01-09 09:59:20.346378+00:00,P,130.61,1.0,P,130.34,1.0,['R'],C,130.47500000000002
META,2023-01-09 09:59:21.867020+00:00,P,130.61,1.0,T,130.24,2.0,['R'],C,130.425
META,2023-01-09 09:59:31.874788+00:00,P,130.61,1.0,P,130.34,1.0,['R'],C,130.47500000000002
META,2023-01-09 09:59:43.229604+00:00,P,130.61,1.0,T,130.24,2.0,['R'],C,130.425
META,2023-01-09 09:59:43.231982+00:00,P,130.61,1.0,P,130.33,1.0,['R'],C,130.47000000000003
META,2023-01-09 09:59:53.232796+00:00,P,130.61,1.0,T,130.25,2.0,['R'],C,130.43
META,2023-01-09 09:59:53.252617+00:00,P,130.61,1.0,P,130.34,1.0,['R'],C,130.47500000000002
META,2023-01-09 09:59:56.660679+00:00,P,130.61,1.0,T,130.25,2.0,['R'],C,130.43
META,2023-01-09 10:00:00.577972+00:00,P,130.61,1.0,P,130.24,1.0,['R'],C,130.425
META,2023-01-09 10:00:08.064907+00:00,P,130.61,2.0,P,130.24,1.0,['R'],C,130.425
META,2023-01-09 10:00:08.066379+00:00,P,130.61,1.0,P,130.24,1.0,['R'],C,130.425
META,2023-01-09 10:00:08.107665+00:00,P,130.6,1.0,P,130.24,1.0,['R'],C,130.42000000000002
META,2023-01-09 10:00:11.310702+00:00,P,130.6,1.0,T,130.23,2.0,['R'],C,130.415
META,2023-01-09 10:00:11.313699+00:00,P,130.6,1.0,P,130.34,1.0,['R'],C,130.47
META,2023-01-09 10:00:11.376979+00:00,P,130.6,1.0,T,130.23,2.0,['R'],C,130.415
META,2023-01-09 10:00:11.418689+00:00,P,130.6,1.0,P,130.24,1.0,['R'],C,130.42000000000002
META,2023-01-09 10:00:20.390300+00:00,T,130.66,2.0,P,130.24,1.0,['R'],C,130.45
META,2023-01-09 10:00:20.392771+00:00,P,130.61,1.0,P,130.24,1.0,['R'],C,130.425
META,2023-01-09 10:00:45.623101+00:00,P,130.61,1.0,T,130.25,2.0,['R'],C,130.43
META,2023-01-09 10:01:01.557266+00:00,P,130.61,1.0,P,130.24,1.0,['R'],C,130.425
META,2023-01-09 10:01:05.423281+00:00,P,130.61,1.0,T,130.22,2.0,['R'],C,130.41500000000002
META,2023-01-09 10:01:05.464660+00:00,P,130.61,1.0,P,130.24,1.0,['R'],C,130.425
META,2023-01-09 10:01:24.686037+00:00,T,130.7,4.0,P,130.24,1.0,['R'],C,130.47
META,2023-01-09 10:01:24.688967+00:00,P,130.59,1.0,P,130.24,1.0,['R'],C,130.41500000000002
META,2023-01-09 10:01:24.849838+00:00,T,130.59,2.0,P,130.24,1.0,['R'],C,130.41500000000002
META,2023-01-09 10:01:36.546206+00:00,P,130.6,1.0,P,130.24,1.0,['R'],C,130.42000000000002
META,2023-01-09 10:01:38.208453+00:00,P,130.6,1.0,T,130.22,2.0,['R'],C,130.41
META,2023-01-09 10:01:38.211335+00:00,P,130.6,1.0,P,130.25,1.0,['R'],C,130.425
META,2023-01-09 10:01:39.550073+00:00,T,130.69,2.0,P,130.25,1.0,['R'],C,130.47
META,2023-01-09 10:01:39.553166+00:00,P,130.61,1.0,P,130.25,1.0,['R'],C,130.43
META,2023-01-09 10:01:39.591440+00:00,T,130.59,2.0,P,130.25,1.0,['R'],C,130.42000000000002
META,2023-01-09 10:01:41.220697+00:00,T,130.59,2.0,T,130.22,2.0,['R'],C,130.405
META,2023-01-09 10:01:41.223534+00:00,T,130.59,2.0,P,130.24,1.0,['R'],C,130.41500000000002
META,2023-01-09 10:01:45.317983+00:00,P,130.58,1.0,P,130.24,1.0,['R'],C,130.41000000000003
META,2023-01-09 10:02:00.813222+00:00,T,130.58,2.0,P,130.24,1.0,['R'],C,130.41000000000003
META,2023-01-09 10:02:05.312174+00:00,P,130.58,1.0,P,130.24,1.0,['R'],C,130.41000000000003
META,2023-01-09 10:02:08.308572+00:00,P,130.58,1.0,T,130.23,2.0,['R'],C,130.405
META,2023-01-09 10:02:08.350119+00:00,P,130.58,1.0,P,130.33,1.0,['R'],C,130.455
META,2023-01-09 10:02:08.881655+00:00,P,130.58,1.0,T,130.23,2.0,['R'],C,130.405
META,2023-01-09 10:02:08.914195+00:00,P,130.58,1.0,P,130.24,1.0,['R'],C,130.41000000000003
META,2023-01-09 10:02:22.064068+00:00,P,130.58,1.0,T,130.23,2.0,['R'],C,130.405
META,2023-01-09 10:02:22.067396+00:00,P,130.58,1.0,P,130.34,1.0,['R'],C,130.46
META,2023-01-09 10:02:22.128275+00:00,P,130.58,1.0,T,130.23,2.0,['R'],C,130.405
META,2023-01-09 10:02:22.170010+00:00,P,130.58,1.0,P,130.24,1.0,['R'],C,130.41000000000003
META,2023-01-09 10:02:33.676703+00:00,T,130.58,2.0,P,130.24,1.0,['R'],C,130.41000000000003
META,2023-01-09 10:02:36.057243+00:00,T,130.58,2.0,T,130.23,2.0,['R'],C,130.405
META,2023-01-09 10:02:36.060676+00:00,T,130.58,2.0,P,130.34,1.0,['R'],C,130.46
META,2023-01-09 10:02:37.101356+00:00,T,130.58,2.0,T,130.23,2.0,['R'],C,130.405
META,2023-01-09 10:02:37.104291+00:00,T,130.58,2.0,P,130.34,1.0,['R'],C,130.46
META,2023-01-09 10:02:37.387523+00:00,T,130.58,2.0,T,130.23,2.0,['R'],C,130.405
META,2023-01-09 10:02:37.395443+00:00,T,130.58,2.0,P,130.33,1.0,['R'],C,130.455
META,2023-01-09 10:02:37.532634+00:00,T,130.57,2.0,P,130.33,1.0,['R'],C,130.45
META,2023-01-09 10:02:37.562351+00:00,T,130.57,2.0,T,130.23,2.0,['R'],C,130.39999999999998
META,2023-01-09 10:02:37.564737+00:00,T,130.57,2.0,P,130.24,1.0,['R'],C,130.405
META,2023-01-09 10:02:48.247643+00:00,T,130.57,2.0,T,130.23,2.0,['R'],C,130.39999999999998
META,2023-01-09 10:02:48.250230+00:00,T,130.57,2.0,P,130.34,1.0,['R'],C,130.45499999999998
META,2023-01-09 10:02:48.608952+00:00,P,130.58,1.0,P,130.34,1.0,['R'],C,130.46
META,2023-01-09 10:02:48.609534+00:00,P,130.58,1.0,T,130.23,2.0,['R'],C,130.405
META,2023-01-09 10:02:48.612206+00:00,P,130.58,1.0,P,130.24,1.0,['R'],C,130.41000000000003
META,2023-01-09 10:02:54.666673+00:00,T,130.58,2.0,P,130.24,1.0,['R'],C,130.41000000000003
META,2023-01-09 10:03:07.232493+00:00,T,130.57,2.0,P,130.24,1.0,['R'],C,130.405
META,2023-01-09 10:04:16.170055+00:00,T,130.56,2.0,P,130.24,1.0,['R'],C,130.4
META,2023-01-09 10:04:23.554906+00:00,T,130.55,2.0,P,130.24,1.0,['R'],C,130.395
META,2023-01-09 10:04:30.711275+00:00,T,130.55,2.0,T,130.15,1.0,['R'],C,130.35000000000002
META,2023-01-09 10:04:30.752680+00:00,T,130.55,2.0,P,130.24,1.0,['R'],C,130.395
META,2023-01-09 10:04:38.348009+00:00,P,130.58,1.0,P,130.24,1.0,['R'],C,130.41000000000003
META,2023-01-09 10:04:45.628357+00:00,T,130.57,2.0,P,130.24,1.0,['R'],C,130.405
META,2023-01-09 10:05:24.841726+00:00,P,130.58,1.0,P,130.24,1.0,['R'],C,130.41000000000003
META,2023-01-09 10:05:27.863538+00:00,T,130.61,2.0,P,130.24,1.0,['R'],C,130.425
META,2023-01-09 10:05:27.866125+00:00,P,130.58,1.0,P,130.24,1.0,['R'],C,130.41000000000003
META,2023-01-09 10:05:33.985688+00:00,T,130.61,2.0,P,130.24,1.0,['R'],C,130.425
META,2023-01-09 10:05:33.988547+00:00,P,130.58,1.0,P,130.24,1.0,['R'],C,130.41000000000003
META,2023-01-09 10:05:45.836688+00:00,P,130.58,1.0,T,130.24,2.0,['R'],C,130.41000000000003
META,2023-01-09 10:06:05.963939+00:00,P,130.58,1.0,P,130.34,1.0,['R'],C,130.46
META,2023-01-09 10:06:06.203335+00:00,P,130.58,1.0,T,130.24,2.0,['R'],C,130.41000000000003
META,2023-01-09 10:06:16.276500+00:00,P,130.58,1.0,P,130.34,1.0,['R'],C,130.46
META,2023-01-09 10:06:19.944332+00:00,P,130.58,1.0,T,130.24,2.0,['R'],C,130.41000000000003
META,2023-01-09 10:06:19.956150+00:00,P,130.58,1.0,P,130.33,1.0,['R'],C,130.455
META,2023-01-09 10:06:20.194952+00:00,P,130.58,1.0,T,130.24,2.0,['R'],C,130.41000000000003
META,2023-01-09 10:06:31.239880+00:00,P,130.58,1.0,P,130.34,1.0,['R'],C,130.46
META,2023-01-09 10:06:37.124436+00:00,T,130.66,2.0,P,130.34,1.0,['R'],C,130.5
META,2023-01-09 10:06:37.127198+00:00,P,130.58,1.0,P,130.34,1.0,['R'],C,130.46
META,2023-01-09 10:06:50.382757+00:00,P,130.58,1.0,T,130.25,2.0,['R'],C,130.41500000000002
META,2023-01-09 10:06:50.386768+00:00,P,130.58,1.0,P,130.33,1.0,['R'],C,130.455
META,2023-01-09 10:07:00.386254+00:00,P,130.58,1.0,T,130.26,2.0,['R'],C,130.42000000000002
META,2023-01-09 10:07:00.427784+00:00,P,130.58,1.0,P,130.34,1.0,['R'],C,130.46
META,2023-01-09 10:07:11.308572+00:00,P,130.58,1.0,T,130.26,2.0,['R'],C,130.42000000000002
META,2023-01-09 10:07:11.313138+00:00,P,130.58,1.0,P,130.37,1.0,['R'],C,130.47500000000002
META,2023-01-09 10:07:12.315250+00:00,P,130.58,1.0,T,130.27,2.0,['R'],C,130.425
META,2023-01-09 10:07:12.336766+00:00,P,130.58,1.0,P,130.37,1.0,['R'],C,130.47500000000002
META,2023-01-09 10:07:12.493678+00:00,P,130.58,1.0,T,130.27,2.0,['R'],C,130.425
META,2023-01-09 10:07:12.496226+00:00,P,130.58,1.0,P,130.34,1.0,['R'],C,130.46
META,2023-01-09 10:07:22.496226+00:00,P,130.58,1.0,T,130.29,2.0,['R'],C,130.435
META,2023-01-09 10:07:22.499040+00:00,P,130.58,1.0,P,130.4,1.0,['R'],C,130.49
META,2023-01-09 10:07:31.504492+00:00,T,130.7,1.0,P,130.58,3.0,['R'],C,130.64
META,2023-01-09 10:07:31.506942+00:00,T,130.7,1.0,P,130.58,1.0,['R'],C,130.64
META,2023-01-09 10:07:31.609290+00:00,T,130.7,3.0,P,130.58,1.0,['R'],C,130.64
META,2023-01-09 10:07:31.676236+00:00,T,130.7,3.0,P,130.4,2.0,['R'],C,130.55
META,2023-01-09 10:07:31.676242+00:00,T,130.7,3.0,P,130.4,1.0,['R'],C,130.55
META,2023-01-09 10:07:32.498874+00:00,T,130.7,3.0,P,130.37,1.0,['R'],C,130.535
META,2023-01-09 10:07:32.502404+00:00,T,130.7,3.0,P,130.41,1.0,['R'],C,130.555
META,2023-01-09 10:07:34.509071+00:00,P,130.61,1.0,P,130.41,1.0,['R'],C,130.51
META,2023-01-09 10:07:55.067557+00:00,T,130.7,1.0,P,130.41,1.0,['R'],C,130.555
META,2023-01-09 10:07:55.071200+00:00,P,130.61,1.0,P,130.41,1.0,['R'],C,130.51
META,2023-01-09 10:07:57.445328+00:00,T,130.7,1.0,P,130.41,1.0,['R'],C,130.555
META,2023-01-09 10:07:57.447958+00:00,P,130.61,1.0,P,130.41,1.0,['R'],C,130.51
META,2023-01-09 10:08:03.787549+00:00,T,130.7,1.0,P,130.41,1.0,['R'],C,130.555
META,2023-01-09 10:08:03.790576+00:00,P,130.61,1.0,P,130.41,1.0,['R'],C,130.51
META,2023-01-09 10:08:13.226535+00:00,T,130.7,1.0,P,130.41,1.0,['R'],C,130.555
META,2023-01-09 10:08:13.264947+00:00,P,130.61,1.0,P,130.41,1.0,['R'],C,130.51
META,2023-01-09 10:08:24.984475+00:00,T,130.7,1.0,P,130.41,1.0,['R'],C,130.555
META,2023-01-09 10:08:24.999857+00:00,P,130.57,1.0,P,130.41,1.0,['R'],C,130.49
META,2023-01-09 10:08:25.729027+00:00,T,130.7,1.0,P,130.41,1.0,['R'],C,130.555
META,2023-01-09 10:08:25.731957+00:00,P,130.61,1.0,P,130.41,1.0,['R'],C,130.51
META,2023-01-09 10:08:34.877360+00:00,T,130.7,1.0,P,130.41,1.0,['R'],C,130.555
META,2023-01-09 10:08:34.880033+00:00,P,130.56,1.0,P,130.41,1.0,['R'],C,130.485
META,2023-01-09 10:08:35.090458+00:00,T,130.7,1.0,P,130.41,1.0,['R'],C,130.555
META,2023-01-09 10:08:35.093010+00:00,P,130.57,1.0,P,130.41,1.0,['R'],C,130.49
META,2023-01-09 10:08:35.095098+00:00,T,130.7,1.0,P,130.41,1.0,['R'],C,130.555
META,2023-01-09 10:08:35.099255+00:00,P,130.61,1.0,P,130.41,1.0,['R'],C,130.51
META,2023-01-09 10:08:40.587692+00:00,T,130.7,1.0,P,130.41,1.0,['R'],C,130.555
META,2023-01-09 10:08:40.590161+00:00,P,130.56,1.0,P,130.41,1.0,['R'],C,130.485
META,2023-01-09 10:08:42.659073+00:00,P,130.56,1.0,T,130.38,2.0,['R'],C,130.47
META,2023-01-09 10:08:42.666081+00:00,P,130.56,1.0,P,130.43,1.0,['R'],C,130.495
META,2023-01-09 10:08:43.141958+00:00,T,130.7,1.0,P,130.43,1.0,['R'],C,130.565
META,2023-01-09 10:08:43.145330+00:00,P,130.57,1.0,P,130.43,1.0,['R'],C,130.5
META,2023-01-09 10:08:45.819733+00:00,T,130.7,1.0,P,130.43,1.0,['R'],C,130.565
META,2023-01-09 10:08:45.822800+00:00,P,130.57,1.0,P,130.43,1.0,['R'],C,130.5
META,2023-01-09 10:08:45.841485+00:00,T,130.7,1.0,P,130.43,1.0,['R'],C,130.565
META,2023-01-09 10:08:45.882487+00:00,P,130.56,1.0,P,130.43,1.0,['R'],C,130.495
META,2023-01-09 10:08:49.998659+00:00,P,130.56,1.0,T,130.38,2.0,['R'],C,130.47
META,2023-01-09 10:08:50.001105+00:00,P,130.56,1.0,P,130.42,1.0,['R'],C,130.49
META,2023-01-09 10:08:55.002004+00:00,P,130.56,1.0,T,130.38,2.0,['R'],C,130.47
META,2023-01-09 10:08:55.043648+00:00,P,130.56,1.0,P,130.43,1.0,['R'],C,130.495
META,2023-01-09 10:09:00.940065+00:00,P,130.56,1.0,T,130.38,2.0,['R'],C,130.47
META,2023-01-09 10:09:00.964162+00:00,P,130.56,1.0,P,130.42,1.0,['R'],C,130.49
META,2023-01-09 10:09:02.867261+00:00,T,130.7,3.0,P,130.42,1.0,['R'],C,130.56
META,2023-01-09 10:09:02.870582+00:00,P,130.56,1.0,P,130.42,1.0,['R'],C,130.49
META,2023-01-09 10:09:05.964119+00:00,P,130.56,1.0,T,130.38,2.0,['R'],C,130.47
META,2023-01-09 10:09:05.975976+00:00,P,130.56,1.0,P,130.43,1.0,['R'],C,130.495
META,2023-01-09 10:09:11.352207+00:00,P,130.56,1.0,T,130.38,2.0,['R'],C,130.47
META,2023-01-09 10:09:11.390826+00:00,P,130.56,1.0,P,130.42,1.0,['R'],C,130.49
META,2023-01-09 10:09:14.396260+00:00,T,130.7,3.0,P,130.42,1.0,['R'],C,130.56
META,2023-01-09 10:09:14.399039+00:00,P,130.57,1.0,P,130.42,1.0,['R'],C,130.495
META,2023-01-09 10:09:14.409195+00:00,T,130.7,3.0,P,130.42,1.0,['R'],C,130.56
META,2023-01-09 10:09:14.449896+00:00,P,130.61,1.0,P,130.42,1.0,['R'],C,130.515
META,2023-01-09 10:09:19.450215+00:00,T,130.7,3.0,P,130.42,1.0,['R'],C,130.56
META,2023-01-09 10:09:19.453061+00:00,P,130.56,1.0,P,130.42,1.0,['R'],C,130.49
META,2023-01-09 10:09:23.267345+00:00,P,130.56,1.0,T,130.38,2.0,['R'],C,130.47
META,2023-01-09 10:09:23.279455+00:00,P,130.56,1.0,P,130.43,1.0,['R'],C,130.495
META,2023-01-09 10:09:29.275830+00:00,P,130.56,1.0,T,130.38,2.0,['R'],C,130.47
META,2023-01-09 10:09:29.317140+00:00,P,130.56,1.0,P,130.42,1.0,['R'],C,130.49
META,2023-01-09 10:09:30.408667+00:00,P,130.56,1.0,T,130.38,2.0,['R'],C,130.47
META,2023-01-09 10:09:30.413335+00:00,P,130.56,1.0,P,130.41,1.0,['R'],C,130.485
META,2023-01-09 10:09:40.413247+00:00,P,130.56,1.0,T,130.38,2.0,['R'],C,130.47
META,2023-01-09 10:09:40.453662+00:00,P,130.56,1.0,P,130.42,1.0,['R'],C,130.49
META,2023-01-09 10:09:52.300025+00:00,P,130.56,1.0,T,130.38,2.0,['R'],C,130.47
META,2023-01-09 10:09:52.303244+00:00,P,130.56,1.0,P,130.41,1.0,['R'],C,130.485
META,2023-01-09 10:09:57.717728+00:00,P,130.56,1.0,T,130.38,2.0,['R'],C,130.47
META,2023-01-09 10:09:57.720803+00:00,P,130.56,1.0,P,130.41,1.0,['R'],C,130.485
META,2023-01-09 10:09:59.830382+00:00,P,130.56,1.0,T,130.38,2.0,['R'],C,130.47
META,2023-01-09 10:09:59.832707+00:00,P,130.56,1.0,P,130.4,1.0,['R'],C,130.48000000000002
META,2023-01-09 10:10:13.488813+00:00,P,130.56,1.0,T,130.31,2.0,['R'],C,130.435
META,2023-01-09 10:10:13.491788+00:00,P,130.56,1.0,P,130.41,1.0,['R'],C,130.485
META,2023-01-09 10:10:25.469636+00:00,P,130.56,1.0,T,130.31,2.0,['R'],C,130.435
META,2023-01-09 10:10:25.473842+00:00,P,130.56,1.0,P,130.41,1.0,['R'],C,130.485
META,2023-01-09 10:10:25.476461+00:00,P,130.56,1.0,T,130.31,2.0,['R'],C,130.435
META,2023-01-09 10:10:25.517786+00:00,P,130.56,1.0,P,130.4,1.0,['R'],C,130.48000000000002
META,2023-01-09 10:10:25.635972+00:00,P,130.56,1.0,T,130.31,2.0,['R'],C,130.435
META,2023-01-09 10:10:25.640377+00:00,P,130.56,1.0,P,130.39,1.0,['R'],C,130.475
META,2023-01-09 10:10:35.640033+00:00,P,130.56,1.0,T,130.32,2.0,['R'],C,130.44
META,2023-01-09 10:10:35.642376+00:00,P,130.56,1.0,P,130.42,1.0,['R'],C,130.49
META,2023-01-09 10:10:41.560823+00:00,P,130.56,1.0,T,130.32,2.0,['R'],C,130.44
META,2023-01-09 10:10:41.602748+00:00,P,130.56,1.0,P,130.41,1.0,['R'],C,130.485
META,2023-01-09 10:10:42.232640+00:00,T,130.7,1.0,P,130.41,1.0,['R'],C,130.555
META,2023-01-09 10:10:42.235358+00:00,P,130.57,1.0,P,130.41,1.0,['R'],C,130.49
META,2023-01-09 10:10:46.602624+00:00,P,130.57,1.0,T,130.34,2.0,['R'],C,130.45499999999998
META,2023-01-09 10:10:46.605455+00:00,P,130.57,1.0,P,130.43,1.0,['R'],C,130.5
META,2023-01-09 10:10:48.918982+00:00,T,130.7,1.0,P,130.43,1.0,['R'],C,130.565
META,2023-01-09 10:10:48.921497+00:00,P,130.57,1.0,P,130.43,1.0,['R'],C,130.5
META,2023-01-09 10:10:59.009261+00:00,T,130.7,1.0,P,130.43,1.0,['R'],C,130.565
META,2023-01-09 10:10:59.011560+00:00,P,130.56,1.0,P,130.43,1.0,['R'],C,130.495
META,2023-01-09 10:11:23.607876+00:00,P,130.56,1.0,T,130.37,2.0,['R'],C,130.465
META,2023-01-09 10:11:23.648594+00:00,P,130.56,1.0,P,130.42,1.0,['R'],C,130.49
META,2023-01-09 10:11:35.499730+00:00,P,130.56,1.0,T,130.23,1.0,['R'],C,130.39499999999998
META,2023-01-09 10:11:35.535102+00:00,P,130.56,1.0,P,130.42,1.0,['R'],C,130.49
META,2023-01-09 10:11:46.688007+00:00,P,130.56,1.0,T,130.33,2.0,['R'],C,130.445
META,2023-01-09 10:11:46.688157+00:00,T,130.7,3.0,T,130.33,2.0,['R'],C,130.515
META,2023-01-09 10:11:46.690581+00:00,T,130.7,3.0,P,130.42,1.0,['R'],C,130.56
META,2023-01-09 10:11:46.690616+00:00,P,130.57,1.0,P,130.42,1.0,['R'],C,130.495
META,2023-01-09 10:11:46.702306+00:00,P,130.57,1.0,T,130.33,2.0,['R'],C,130.45
META,2023-01-09 10:11:46.744405+00:00,P,130.57,1.0,P,130.41,1.0,['R'],C,130.49
META,2023-01-09 10:11:51.689976+00:00,T,130.7,3.0,P,130.41,1.0,['R'],C,130.555
META,2023-01-09 10:11:51.718025+00:00,P,130.56,1.0,P,130.41,1.0,['R'],C,130.485
META,2023-01-09 10:11:51.761301+00:00,P,130.56,1.0,T,130.33,2.0,['R'],C,130.445
META,2023-01-09 10:11:51.801627+00:00,P,130.56,1.0,P,130.42,1.0,['R'],C,130.49
META,2023-01-09 10:12:06.865345+00:00,P,130.56,1.0,T,130.33,2.0,['R'],C,130.445
META,2023-01-09 10:12:06.865739+00:00,T,130.7,3.0,T,130.33,2.0,['R'],C,130.515
META,2023-01-09 10:12:06.907732+00:00,T,130.7,3.0,P,130.41,1.0,['R'],C,130.555
META,2023-01-09 10:12:06.907822+00:00,P,130.56,1.0,P,130.41,1.0,['R'],C,130.485
META,2023-01-09 10:12:10.185801+00:00,T,130.5,1.0,P,130.41,1.0,['R'],C,130.45499999999998
META,2023-01-09 10:12:11.513385+00:00,T,130.5,1.0,T,130.33,2.0,['R'],C,130.41500000000002
META,2023-01-09 10:12:11.550083+00:00,T,130.5,1.0,P,130.4,1.0,['R'],C,130.45
META,2023-01-09 10:12:21.550457+00:00,T,130.5,1.0,T,130.33,2.0,['R'],C,130.41500000000002
META,2023-01-09 10:12:21.592408+00:00,T,130.5,1.0,P,130.41,1.0,['R'],C,130.45499999999998
META,2023-01-09 10:12:26.775018+00:00,T,130.5,1.0,T,130.33,2.0,['R'],C,130.41500000000002
META,2023-01-09 10:12:26.816098+00:00,T,130.5,1.0,P,130.4,1.0,['R'],C,130.45
META,2023-01-09 10:12:30.810754+00:00,T,130.5,1.0,T,130.33,2.0,['R'],C,130.41500000000002
META,2023-01-09 10:12:30.814177+00:00,T,130.5,1.0,P,130.39,1.0,['R'],C,130.445
META,2023-01-09 10:12:30.871493+00:00,T,130.5,1.0,T,130.33,2.0,['R'],C,130.41500000000002
META,2023-01-09 10:12:30.873922+00:00,T,130.5,1.0,P,130.37,1.0,['R'],C,130.435
META,2023-01-09 10:13:01.970338+00:00,T,130.5,1.0,T,130.26,2.0,['R'],C,130.38
META,2023-01-09 10:13:01.973751+00:00,T,130.5,1.0,P,130.37,1.0,['R'],C,130.435
META,2023-01-09 10:13:02.335291+00:00,T,130.5,1.0,T,130.26,2.0,['R'],C,130.38
META,2023-01-09 10:13:02.348226+00:00,T,130.5,1.0,P,130.34,1.0,['R'],C,130.42000000000002
META,2023-01-09 10:13:12.348463+00:00,T,130.5,1.0,T,130.26,2.0,['R'],C,130.38
META,2023-01-09 10:13:12.389996+00:00,T,130.5,1.0,P,130.37,1.0,['R'],C,130.435
META,2023-01-09 10:13:16.064923+00:00,T,130.5,1.0,T,130.26,2.0,['R'],C,130.38
META,2023-01-09 10:13:16.107155+00:00,T,130.5,1.0,P,130.37,1.0,['R'],C,130.435
META,2023-01-09 10:13:16.226915+00:00,T,130.5,1.0,T,130.26,2.0,['R'],C,130.38
META,2023-01-09 10:13:16.269190+00:00,T,130.5,1.0,P,130.37,1.0,['R'],C,130.435
META,2023-01-09 10:13:16.437212+00:00,T,130.5,1.0,T,130.26,2.0,['R'],C,130.38
META,2023-01-09 10:13:16.441106+00:00,T,130.5,1.0,P,130.34,1.0,['R'],C,130.42000000000002
META,2023-01-09 10:13:27.592363+00:00,T,130.5,1.0,T,130.26,2.0,['R'],C,130.38
META,2023-01-09 10:13:27.619753+00:00,T,130.5,1.0,P,130.38,1.0,['R'],C,130.44
META,2023-01-09 10:13:28.178687+00:00,T,130.5,1.0,T,130.26,2.0,['R'],C,130.38
META,2023-01-09 10:13:28.204719+00:00,T,130.5,1.0,P,130.37,1.0,['R'],C,130.435
META,2023-01-09 10:13:29.174829+00:00,T,130.5,1.0,T,130.26,2.0,['R'],C,130.38
META,2023-01-09 10:13:29.178789+00:00,T,130.5,1.0,P,130.34,1.0,['R'],C,130.42000000000002
META,2023-01-09 10:13:38.971631+00:00,P,130.56,1.0,P,130.34,1.0,['R'],C,130.45
META,2023-01-09 10:13:38.975291+00:00,K,130.99,8.0,P,130.34,1.0,['R'],C,130.66500000000002
META,2023-01-09 10:13:39.004609+00:00,P,130.61,1.0,P,130.34,1.0,['R'],C,130.47500000000002
META,2023-01-09 10:13:39.081138+00:00,P,130.61,1.0,T,130.3,2.0,['R'],C,130.455
META,2023-01-09 10:13:39.122616+00:00,P,130.61,1.0,P,130.43,1.0,['R'],C,130.52
META,2023-01-09 10:13:43.793077+00:00,P,130.61,1.0,P,130.5,3.0,['R'],C,130.555
META,2023-01-09 10:13:44.329680+00:00,P,130.61,1.0,P,130.43,1.0,['R'],C,130.52
META,2023-01-09 10:13:51.180617+00:00,P,130.61,1.0,T,130.4,2.0,['R'],C,130.505
META,2023-01-09 10:13:51.221537+00:00,P,130.61,1.0,P,130.51,1.0,['R'],C,130.56
META,2023-01-09 10:13:51.253770+00:00,P,130.61,1.0,T,130.4,2.0,['R'],C,130.505
META,2023-01-09 10:13:51.294546+00:00,P,130.61,1.0,P,130.43,1.0,['R'],C,130.52
META,2023-01-09 10:13:58.027528+00:00,T,130.76,2.0,P,130.43,1.0,['R'],C,130.595
META,2023-01-09 10:13:58.030564+00:00,P,130.57,1.0,P,130.43,1.0,['R'],C,130.5
META,2023-01-09 10:13:58.038382+00:00,T,130.76,2.0,P,130.43,1.0,['R'],C,130.595
META,2023-01-09 10:13:58.079529+00:00,P,130.57,1.0,P,130.43,1.0,['R'],C,130.5
META,2023-01-09 10:13:58.095531+00:00,T,130.76,2.0,P,130.43,1.0,['R'],C,130.595
META,2023-01-09 10:13:58.136707+00:00,P,130.61,1.0,P,130.43,1.0,['R'],C,130.52
META,2023-01-09 10:14:08.137252+00:00,T,130.76,2.0,P,130.43,1.0,['R'],C,130.595
META,2023-01-09 10:14:08.140288+00:00,P,130.57,1.0,P,130.43,1.0,['R'],C,130.5
META,2023-01-09 10:14:08.412773+00:00,T,130.76,2.0,P,130.43,1.0,['R'],C,130.595
META,2023-01-09 10:14:08.416452+00:00,P,130.61,1.0,P,130.43,1.0,['R'],C,130.52
META,2023-01-09 10:14:20.261182+00:00,T,130.76,2.0,P,130.43,1.0,['R'],C,130.595
META,2023-01-09 10:14:20.264811+00:00,P,130.62,1.0,P,130.43,1.0,['R'],C,130.525
META,2023-01-09 10:14:22.632307+00:00,T,130.76,2.0,P,130.43,1.0,['R'],C,130.595
META,2023-01-09 10:14:22.634579+00:00,P,130.68,1.0,P,130.43,1.0,['R'],C,130.555
META,2023-01-09 10:14:22.705809+00:00,P,130.68,1.0,T,130.39,2.0,['R'],C,130.535
META,2023-01-09 10:14:22.747842+00:00,P,130.68,1.0,P,130.43,1.0,['R'],C,130.555
META,2023-01-09 10:14:32.523116+00:00,P,130.68,1.0,T,130.39,2.0,['R'],C,130.535
META,2023-01-09 10:14:32.528572+00:00,P,130.68,1.0,P,130.53,1.0,['R'],C,130.60500000000002
META,2023-01-09 10:14:34.774956+00:00,P,130.68,1.0,T,130.42,2.0,['R'],C,130.55
META,2023-01-09 10:14:34.778412+00:00,P,130.68,1.0,P,130.52,1.0,['R'],C,130.60000000000002
META,2023-01-09 10:14:34.847284+00:00,P,130.68,1.0,T,130.42,2.0,['R'],C,130.55
META,2023-01-09 10:14:34.896418+00:00,P,130.68,1.0,P,130.43,1.0,['R'],C,130.555
META,2023-01-09 10:14:35.545621+00:00,T,130.79,2.0,P,130.43,1.0,['R'],C,130.61
META,2023-01-09 10:14:35.585680+00:00,P,130.62,1.0,P,130.43,1.0,['R'],C,130.525
META,2023-01-09 10:14:35.999670+00:00,T,130.79,2.0,P,130.43,1.0,['R'],C,130.61
META,2023-01-09 10:14:36.002338+00:00,P,130.68,1.0,P,130.43,1.0,['R'],C,130.555
META,2023-01-09 10:14:45.113155+00:00,P,130.68,1.0,T,130.42,2.0,['R'],C,130.55
META,2023-01-09 10:14:45.115928+00:00,P,130.68,1.0,P,130.52,1.0,['R'],C,130.60000000000002
META,2023-01-09 10:14:46.003231+00:00,T,130.79,2.0,P,130.52,1.0,['R'],C,130.655
META,2023-01-09 10:14:46.005964+00:00,P,130.62,1.0,P,130.52,1.0,['R'],C,130.57
META,2023-01-09 10:14:53.375955+00:00,P,130.62,1.0,T,130.42,2.0,['R'],C,130.51999999999998
META,2023-01-09 10:14:53.376370+00:00,T,130.79,2.0,T,130.42,2.0,['R'],C,130.605
META,2023-01-09 10:14:53.380716+00:00,P,130.61,1.0,T,130.42,2.0,['R'],C,130.515
META,2023-01-09 10:14:53.381001+00:00,P,130.61,1.0,P,130.43,1.0,['R'],C,130.52
META,2023-01-09 10:15:01.140071+00:00,T,130.79,2.0,P,130.43,1.0,['R'],C,130.61
META,2023-01-09 10:15:01.147774+00:00,P,130.68,1.0,P,130.43,1.0,['R'],C,130.555
META,2023-01-09 10:15:08.570296+00:00,T,130.79,2.0,P,130.43,1.0,['R'],C,130.61
META,2023-01-09 10:15:08.590169+00:00,P,130.62,1.0,P,130.43,1.0,['R'],C,130.525
META,2023-01-09 10:15:22.064356+00:00,T,130.78,2.0,P,130.43,1.0,['R'],C,130.60500000000002
META,2023-01-09 10:15:22.067100+00:00,P,130.61,1.0,P,130.43,1.0,['R'],C,130.52
META,2023-01-09 10:15:25.884128+00:00,P,130.61,1.0,P,130.23,1.0,['R'],C,130.42000000000002
META,2023-01-09 10:15:25.984498+00:00,P,130.61,1.0,T,130.34,2.0,['R'],C,130.47500000000002
META,2023-01-09 10:15:28.888159+00:00,P,130.61,1.0,P,130.43,1.0,['R'],C,130.52
META,2023-01-09 10:15:30.233458+00:00,P,130.61,1.0,T,130.34,2.0,['R'],C,130.47500000000002
META,2023-01-09 10:15:30.236241+00:00,P,130.61,1.0,P,130.42,1.0,['R'],C,130.515
META,2023-01-09 10:15:30.269250+00:00,P,130.61,1.0,T,130.34,2.0,['R'],C,130.47500000000002
META,2023-01-09 10:15:30.311454+00:00,P,130.61,1.0,P,130.4,1.0,['R'],C,130.505
META,2023-01-09 10:15:37.648331+00:00,T,130.76,2.0,P,130.4,1.0,['R'],C,130.57999999999998
META,2023-01-09 10:15:37.680630+00:00,P,130.62,1.0,P,130.4,1.0,['R'],C,130.51
META,2023-01-09 10:15:37.750442+00:00,T,130.86,2.0,P,130.4,1.0,['R'],C,130.63
META,2023-01-09 10:15:37.791985+00:00,P,130.64,1.0,P,130.4,1.0,['R'],C,130.51999999999998
META,2023-01-09 10:15:39.460070+00:00,P,130.64,1.0,P,130.38,1.0,['R'],C,130.51
META,2023-01-09 10:15:42.461811+00:00,P,130.64,1.0,T,130.37,2.0,['R'],C,130.505
META,2023-01-09 10:15:42.466732+00:00,P,130.64,1.0,P,130.39,1.0,['R'],C,130.515
META,2023-01-09 10:15:48.114465+00:00,T,130.78,2.0,P,130.39,1.0,['R'],C,130.58499999999998
META,2023-01-09 10:15:48.155963+00:00,P,130.61,1.0,P,130.39,1.0,['R'],C,130.5
META,2023-01-09 10:15:49.643550+00:00,P,130.61,1.0,T,130.29,2.0,['R'],C,130.45
META,2023-01-09 10:15:49.646166+00:00,P,130.61,1.0,P,130.38,1.0,['R'],C,130.495
META,2023-01-09 10:15:49.708432+00:00,P,130.61,1.0,T,130.29,2.0,['R'],C,130.45
META,2023-01-09 10:15:49.711639+00:00,P,130.61,1.0,P,130.38,1.0,['R'],C,130.495
META,2023-01-09 10:15:50.308594+00:00,P,130.61,1.0,T,130.29,2.0,['R'],C,130.45
META,2023-01-09 10:15:50.311278+00:00,P,130.61,1.0,P,130.37,1.0,['R'],C,130.49
META,2023-01-09 10:15:50.370107+00:00,P,130.61,1.0,T,130.29,2.0,['R'],C,130.45
META,2023-01-09 10:15:50.411734+00:00,P,130.61,1.0,P,130.33,1.0,['R'],C,130.47000000000003
META,2023-01-09 10:15:57.129667+00:00,P,130.61,1.0,T,130.31,2.0,['R'],C,130.46
META,2023-01-09 10:15:58.396224+00:00,P,130.61,1.0,P,130.24,1.0,['R'],C,130.425
META,2023-01-09 10:16:03.456019+00:00,P,130.61,1.0,T,130.26,2.0,['R'],C,130.435
META,2023-01-09 10:16:07.136673+00:00,P,130.61,1.0,P,130.34,1.0,['R'],C,130.47500000000002
META,2023-01-09 10:16:08.675156+00:00,P,130.61,1.0,T,130.26,2.0,['R'],C,130.435
META,2023-01-09 10:16:08.678073+00:00,P,130.61,1.0,P,130.33,1.0,['R'],C,130.47000000000003
META,2023-01-09 10:16:26.679218+00:00,P,130.61,1.0,T,130.28,2.0,['R'],C,130.445
META,2023-01-09 10:16:26.682211+00:00,P,130.61,1.0,P,130.37,1.0,['R'],C,130.49
META,2023-01-09 10:16:28.428816+00:00,P,130.61,1.0,T,130.28,2.0,['R'],C,130.445
META,2023-01-09 10:16:28.431841+00:00,P,130.61,1.0,P,130.34,1.0,['R'],C,130.47500000000002
META,2023-01-09 10:16:36.333155+00:00,T,130.76,2.0,P,130.34,1.0,['R'],C,130.55
META,2023-01-09 10:16:36.337539+00:00,P,130.65,1.0,P,130.34,1.0,['R'],C,130.495
META,2023-01-09 10:16:41.730868+00:00,T,130.8,2.0,P,130.34,1.0,['R'],C,130.57
META,2023-01-09 10:16:41.733863+00:00,P,130.61,1.0,P,130.34,1.0,['R'],C,130.47500000000002
META,2023-01-09 10:16:43.014196+00:00,P,130.61,1.0,T,130.31,2.0,['R'],C,130.46
META,2023-01-09 10:16:43.017031+00:00,P,130.61,1.0,P,130.37,1.0,['R'],C,130.49
META,2023-01-09 10:16:46.686476+00:00,P,130.61,1.0,T,130.31,2.0,['R'],C,130.46
META,2023-01-09 10:16:46.689643+00:00,P,130.61,1.0,P,130.34,1.0,['R'],C,130.47500000000002
META,2023-01-09 10:16:56.688728+00:00,P,130.61,1.0,T,130.31,2.0,['R'],C,130.46
META,2023-01-09 10:16:56.691555+00:00,P,130.61,1.0,P,130.38,1.0,['R'],C,130.495
META,2023-01-09 10:16:57.055483+00:00,P,130.61,1.0,T,130.31,2.0,['R'],C,130.46
