_symbol,_timestamp,_ask_exchange,_ask_price,_ask_size,_bid_exchange,_bid_price,_bid_size,_conditions,_tape,market_price
SPY,2023-01-07 00:00:00.874590+00:00,P,387.79,101.0,P,387.75,20.0,['R'],B,387.77
SPY,2023-01-07 00:00:00.875036+00:00,P,387.79,89.0,P,387.75,20.0,['R'],B,387.77
SPY,2023-01-07 00:00:02.780005+00:00,P,387.79,87.0,P,387.75,20.0,['R'],B,387.77
SPY,2023-01-07 00:01:06.597907+00:00,P,387.79,87.0,P,387.76,5.0,['R'],B,387.775
SPY,2023-01-07 00:01:25.211092+00:00,P,387.79,67.0,P,387.76,5.0,['R'],B,387.775
SPY,2023-01-07 00:01:30.576656+00:00,P,387.79,47.0,P,387.76,5.0,['R'],B,387.775
SPY,2023-01-07 00:01:39.979209+00:00,P,387.79,27.0,P,387.76,5.0,['R'],B,387.775
SPY,2023-01-07 00:02:29.195074+00:00,P,387.78,1.0,P,387.76,5.0,['R'],B,387.77
SPY,2023-01-07 00:03:07.357441+00:00,T,387.8,1.0,P,387.76,5.0,['R'],B,387.78
SPY,2023-01-07 00:03:07.357676+00:00,P,387.83,4.0,P,387.76,5.0,['R'],B,387.79499999999996
SPY,2023-01-07 00:03:07.357731+00:00,T,387.8,1.0,P,387.76,5.0,['R'],B,387.78
SPY,2023-01-07 00:03:07.358197+00:00,P,387.83,4.0,P,387.76,5.0,['R'],B,387.79499999999996
SPY,2023-01-07 00:03:07.358318+00:00,P,387.83,4.0,P,387.81,9.0,['R'],B,387.82
SPY,2023-01-07 00:03:26.905743+00:00,P,387.83,104.0,P,387.81,9.0,['R'],B,387.82
SPY,2023-01-07 00:03:32.793638+00:00,P,387.83,104.0,P,387.81,7.0,['R'],B,387.82
SPY,2023-01-07 00:03:59.059890+00:00,P,387.83,104.0,P,387.81,5.0,['R'],B,387.82
SPY,2023-01-07 00:04:31.213075+00:00,P,387.83,103.0,P,387.81,5.0,['R'],B,387.82
SPY,2023-01-07 00:04:59.049427+00:00,P,387.83,3.0,P,387.81,5.0,['R'],B,387.82
SPY,2023-01-07 00:05:03.184400+00:00,P,387.83,3.0,P,387.81,6.0,['R'],B,387.82
SPY,2023-01-07 00:05:05.470509+00:00,P,387.83,3.0,P,387.81,5.0,['R'],B,387.82
SPY,2023-01-07 00:05:05.472013+00:00,P,387.83,3.0,P,387.82,1.0,['R'],B,387.825
SPY,2023-01-07 00:05:19.211399+00:00,P,387.83,3.0,P,387.81,5.0,['R'],B,387.82
SPY,2023-01-07 00:05:19.212923+00:00,P,387.83,2.0,P,387.81,5.0,['R'],B,387.82
SPY,2023-01-07 00:05:24.364804+00:00,P,387.82,1.0,P,387.81,5.0,['R'],B,387.815
SPY,2023-01-07 00:05:37.099553+00:00,P,387.82,51.0,P,387.81,5.0,['R'],B,387.815
SPY,2023-01-07 00:05:49.552160+00:00,P,387.82,50.0,P,387.81,5.0,['R'],B,387.815
SPY,2023-01-07 00:05:49.553654+00:00,P,387.82,50.0,P,387.81,4.0,['R'],B,387.815
SPY,2023-01-07 00:05:51.121165+00:00,P,387.82,50.0,P,387.81,3.0,['R'],B,387.815
SPY,2023-01-07 00:05:55.930440+00:00,P,387.82,50.0,P,387.73,6.0,['R'],B,387.775
SPY,2023-01-07 00:05:55.931222+00:00,T,387.81,1.0,P,387.73,6.0,['R'],B,387.77
SPY,2023-01-07 00:06:08.929754+00:00,P,387.81,50.0,P,387.73,6.0,['R'],B,387.77
SPY,2023-01-07 00:06:29.947148+00:00,P,387.81,50.0,P,387.79,1.0,['R'],B,387.8
SPY,2023-01-07 00:06:56.907690+00:00,P,387.81,49.0,P,387.79,1.0,['R'],B,387.8
SPY,2023-01-07 00:07:07.789165+00:00,P,387.81,48.0,P,387.79,1.0,['R'],B,387.8
SPY,2023-01-07 00:07:15.200511+00:00,P,387.81,48.0,P,387.73,6.0,['R'],B,387.77
SPY,2023-01-07 00:07:15.207548+00:00,T,387.79,4.0,P,387.73,6.0,['R'],B,387.76
SPY,2023-01-07 00:07:15.208540+00:00,T,387.79,3.0,P,387.73,6.0,['R'],B,387.76
SPY,2023-01-07 00:07:25.496062+00:00,P,387.81,48.0,P,387.73,6.0,['R'],B,387.77
SPY,2023-01-07 00:07:50.047391+00:00,P,387.8,4.0,P,387.73,6.0,['R'],B,387.765
SPY,2023-01-07 00:08:01.521785+00:00,T,387.79,1.0,P,387.73,6.0,['R'],B,387.76
SPY,2023-01-07 00:08:01.542174+00:00,P,387.8,4.0,P,387.73,6.0,['R'],B,387.765
SPY,2023-01-07 00:08:01.542224+00:00,T,387.79,1.0,P,387.73,6.0,['R'],B,387.76
SPY,2023-01-07 00:08:15.238919+00:00,T,387.79,1.0,P,387.77,13.0,['R'],B,387.78
SPY,2023-01-07 00:09:08.356662+00:00,T,387.79,1.0,P,387.79,7.0,['R'],B,387.79
SPY,2023-01-07 00:09:08.357399+00:00,P,387.8,4.0,P,387.79,7.0,['R'],B,387.795
SPY,2023-01-07 00:09:08.357504+00:00,P,387.8,4.0,P,387.77,13.0,['R'],B,387.78499999999997
SPY,2023-01-07 00:09:08.358281+00:00,T,387.79,1.0,P,387.77,13.0,['R'],B,387.78
SPY,2023-01-07 00:09:15.092948+00:00,P,387.8,4.0,P,387.77,13.0,['R'],B,387.78499999999997
SPY,2023-01-07 00:09:15.092984+00:00,T,387.79,1.0,P,387.77,13.0,['R'],B,387.78
SPY,2023-01-07 00:09:32.865035+00:00,P,387.8,4.0,P,387.77,13.0,['R'],B,387.78499999999997
SPY,2023-01-07 00:09:32.870584+00:00,P,387.8,4.0,P,387.73,6.0,['R'],B,387.765
SPY,2023-01-07 00:09:32.871355+00:00,T,387.77,1.0,P,387.73,6.0,['R'],B,387.75
SPY,2023-01-07 00:09:46.934721+00:00,P,387.8,4.0,P,387.73,6.0,['R'],B,387.765
SPY,2023-01-07 00:09:46.934756+00:00,T,387.77,1.0,P,387.73,6.0,['R'],B,387.75
SPY,2023-01-07 00:11:11.180283+00:00,T,387.77,1.0,P,387.73,5.0,['R'],B,387.75
SPY,2023-01-07 00:12:18.023826+00:00,T,387.77,1.0,P,387.74,1.0,['R'],B,387.755
SPY,2023-01-07 00:12:26.393284+00:00,P,387.76,3.0,P,387.74,1.0,['R'],B,387.75
SPY,2023-01-07 00:12:26.471150+00:00,P,387.76,2.0,P,387.74,1.0,['R'],B,387.75
SPY,2023-01-07 00:12:30.994501+00:00,P,387.76,2.0,P,387.73,5.0,['R'],B,387.745
SPY,2023-01-07 00:12:34.225876+00:00,P,387.76,2.0,T,387.76,1.0,['R'],B,387.76
SPY,2023-01-07 00:12:35.226675+00:00,P,387.76,2.0,P,387.73,5.0,['R'],B,387.745
SPY,2023-01-07 00:12:35.267156+00:00,T,387.77,1.0,P,387.73,5.0,['R'],B,387.75
SPY,2023-01-07 00:12:59.055865+00:00,T,387.77,1.0,P,387.74,4.0,['R'],B,387.755
SPY,2023-01-07 00:13:17.462013+00:00,T,387.77,1.0,P,387.74,6.0,['R'],B,387.755
SPY,2023-01-07 00:14:30.756449+00:00,T,387.77,1.0,P,387.75,1.0,['R'],B,387.76
SPY,2023-01-07 00:14:55.029318+00:00,T,387.77,1.0,P,387.74,6.0,['R'],B,387.755
SPY,2023-01-07 00:14:55.030846+00:00,T,387.77,1.0,P,387.73,6.0,['R'],B,387.75
SPY,2023-01-07 00:14:55.032500+00:00,T,387.77,1.0,P,387.72,1.0,['R'],B,387.745
SPY,2023-01-07 00:14:55.034190+00:00,T,387.77,1.0,P,387.71,1.0,['R'],B,387.74
SPY,2023-01-07 00:14:55.035678+00:00,T,387.77,1.0,P,387.7,16.0,['R'],B,387.735
SPY,2023-01-07 00:14:55.038956+00:00,T,387.77,1.0,P,387.63,3.0,['R'],B,387.7
SPY,2023-01-07 00:14:55.038966+00:00,T,387.77,1.0,P,387.63,1.0,['R'],B,387.7
SPY,2023-01-07 00:14:55.047075+00:00,T,387.77,1.0,K,387.62,4.0,['R'],B,387.695
SPY,2023-01-07 00:14:55.048794+00:00,T,387.77,1.0,P,387.61,15.0,['R'],B,387.69
SPY,2023-01-07 00:14:55.049932+00:00,T,387.77,1.0,P,387.6,14.0,['R'],B,387.685
SPY,2023-01-07 00:14:55.051561+00:00,T,387.77,1.0,P,387.57,1.0,['R'],B,387.66999999999996
SPY,2023-01-07 00:14:55.053455+00:00,T,387.77,1.0,P,387.56,2.0,['R'],B,387.66499999999996
SPY,2023-01-07 00:14:55.056407+00:00,T,387.77,1.0,P,387.51,1.0,['R'],B,387.64
SPY,2023-01-07 00:14:55.057099+00:00,T,387.53,1.0,P,387.51,1.0,['R'],B,387.52
SPY,2023-01-07 00:14:55.057124+00:00,T,387.53,2.0,P,387.51,1.0,['R'],B,387.52
SPY,2023-01-07 00:14:55.057154+00:00,T,387.53,1.0,P,387.51,1.0,['R'],B,387.52
SPY,2023-01-07 00:14:55.057365+00:00,T,387.77,2.0,P,387.51,1.0,['R'],B,387.64
SPY,2023-01-07 00:14:55.064171+00:00,T,387.77,2.0,P,387.5,92.0,['R'],B,387.635
SPY,2023-01-07 00:14:55.065439+00:00,T,387.77,2.0,P,387.5,60.0,['R'],B,387.635
SPY,2023-01-07 00:14:55.077137+00:00,T,387.77,1.0,P,387.5,60.0,['R'],B,387.635
SPY,2023-01-07 00:14:55.560385+00:00,T,387.77,3.0,P,387.5,60.0,['R'],B,387.635
SPY,2023-01-07 00:14:58.284897+00:00,T,387.77,3.0,P,387.56,2.0,['R'],B,387.66499999999996
SPY,2023-01-07 00:15:02.220781+00:00,P,387.75,1.0,T,387.56,2.0,['R'],B,387.655
SPY,2023-01-07 00:15:02.220952+00:00,P,387.75,1.0,P,387.56,2.0,['R'],B,387.655
SPY,2023-01-07 00:15:02.221728+00:00,T,387.75,3.0,P,387.56,2.0,['R'],B,387.655
SPY,2023-01-07 00:15:18.574953+00:00,T,387.75,2.0,P,387.56,2.0,['R'],B,387.655
SPY,2023-01-07 00:15:21.950958+00:00,T,387.75,2.0,P,387.56,3.0,['R'],B,387.655
SPY,2023-01-07 00:15:22.545300+00:00,T,387.75,2.0,T,387.56,2.0,['R'],B,387.655
SPY,2023-01-07 00:15:22.545536+00:00,T,387.75,2.0,P,387.56,1.0,['R'],B,387.655
SPY,2023-01-07 00:15:24.198861+00:00,P,387.75,4.0,P,387.56,1.0,['R'],B,387.655
SPY,2023-01-07 00:15:25.333927+00:00,P,387.75,7.0,P,387.56,1.0,['R'],B,387.655
SPY,2023-01-07 00:15:25.667520+00:00,P,387.75,10.0,P,387.56,1.0,['R'],B,387.655
SPY,2023-01-07 00:15:28.351400+00:00,P,387.74,1.0,P,387.56,1.0,['R'],B,387.65
SPY,2023-01-07 00:15:28.352573+00:00,T,387.74,2.0,P,387.56,1.0,['R'],B,387.65
SPY,2023-01-07 00:15:45.875373+00:00,P,387.72,4.0,P,387.56,1.0,['R'],B,387.64
SPY,2023-01-07 00:15:46.576114+00:00,P,387.7,1.0,P,387.56,1.0,['R'],B,387.63
SPY,2023-01-07 00:15:46.577256+00:00,T,387.7,2.0,P,387.56,1.0,['R'],B,387.63
SPY,2023-01-07 00:15:50.516222+00:00,T,387.7,3.0,P,387.56,1.0,['R'],B,387.63
SPY,2023-01-07 00:16:02.194963+00:00,P,387.69,1.0,P,387.56,1.0,['R'],B,387.625
SPY,2023-01-07 00:16:02.196105+00:00,T,387.69,2.0,P,387.56,1.0,['R'],B,387.625
SPY,2023-01-07 00:16:13.945923+00:00,P,387.68,1.0,P,387.56,1.0,['R'],B,387.62
SPY,2023-01-07 00:16:13.947075+00:00,T,387.68,2.0,P,387.56,1.0,['R'],B,387.62
SPY,2023-01-07 00:16:31.472436+00:00,P,387.66,3.0,P,387.56,1.0,['R'],B,387.61
SPY,2023-01-07 00:16:31.473223+00:00,P,387.66,2.0,P,387.56,1.0,['R'],B,387.61
SPY,2023-01-07 00:16:31.473675+00:00,T,387.66,2.0,P,387.56,1.0,['R'],B,387.61
SPY,2023-01-07 00:16:31.474657+00:00,P,387.66,2.0,P,387.56,1.0,['R'],B,387.61
SPY,2023-01-07 00:16:31.475278+00:00,T,387.66,1.0,P,387.56,1.0,['R'],B,387.61
SPY,2023-01-07 00:16:31.845920+00:00,T,387.66,1.0,P,387.51,10.0,['R'],B,387.58500000000004
SPY,2023-01-07 00:16:31.846466+00:00,P,387.66,1.0,P,387.51,10.0,['R'],B,387.58500000000004
SPY,2023-01-07 00:16:31.847498+00:00,T,387.66,1.0,P,387.5,54.0,['R'],B,387.58000000000004
SPY,2023-01-07 00:16:31.848816+00:00,T,387.66,1.0,P,387.5,22.0,['R'],B,387.58000000000004
SPY,2023-01-07 00:16:42.888134+00:00,P,387.66,2.0,P,387.5,22.0,['R'],B,387.58000000000004
SPY,2023-01-07 00:16:46.337308+00:00,T,387.66,1.0,P,387.52,3.0,['R'],B,387.59000000000003
SPY,2023-01-07 00:16:52.895206+00:00,T,387.66,1.0,P,387.52,7.0,['R'],B,387.59000000000003
SPY,2023-01-07 00:17:00.640771+00:00,P,387.66,2.0,P,387.52,7.0,['R'],B,387.59000000000003
SPY,2023-01-07 00:17:17.653202+00:00,P,387.66,2.0,P,387.53,1.0,['R'],B,387.595
SPY,2023-01-07 00:17:17.653969+00:00,T,387.66,1.0,P,387.53,1.0,['R'],B,387.595
SPY,2023-01-07 00:17:18.614351+00:00,T,387.66,1.0,P,387.55,1.0,['R'],B,387.605
SPY,2023-01-07 00:17:22.702457+00:00,T,387.66,1.0,P,387.53,1.0,['R'],B,387.595
SPY,2023-01-07 00:17:30.038064+00:00,T,387.66,2.0,P,387.53,1.0,['R'],B,387.595
SPY,2023-01-07 00:17:31.948630+00:00,P,387.66,1.0,P,387.53,1.0,['R'],B,387.595
SPY,2023-01-07 00:17:31.954138+00:00,T,387.66,2.0,P,387.53,1.0,['R'],B,387.595
SPY,2023-01-07 00:18:15.823565+00:00,T,387.66,2.0,P,387.55,4.0,['R'],B,387.605
SPY,2023-01-07 00:18:16.302058+00:00,T,387.66,2.0,P,387.55,8.0,['R'],B,387.605
SPY,2023-01-07 00:18:20.013013+00:00,T,387.66,2.0,P,387.55,9.0,['R'],B,387.605
SPY,2023-01-07 00:18:27.371223+00:00,T,387.66,2.0,P,387.57,1.0,['R'],B,387.615
SPY,2023-01-07 00:18:31.196855+00:00,T,387.66,2.0,P,387.58,1.0,['R'],B,387.62
SPY,2023-01-07 00:18:39.720420+00:00,T,387.66,2.0,P,387.57,1.0,['R'],B,387.615
SPY,2023-01-07 00:19:07.747359+00:00,T,387.66,2.0,P,387.58,1.0,['R'],B,387.62
SPY,2023-01-07 00:19:39.707566+00:00,P,387.65,1.0,P,387.58,1.0,['R'],B,387.615
SPY,2023-01-07 00:19:39.721614+00:00,T,387.65,2.0,P,387.58,1.0,['R'],B,387.615
SPY,2023-01-07 00:20:00.637234+00:00,T,387.65,2.0,P,387.6,1.0,['R'],B,387.625
SPY,2023-01-07 00:20:37.304878+00:00,P,387.64,3.0,P,387.6,1.0,['R'],B,387.62
SPY,2023-01-07 00:20:48.357052+00:00,P,387.64,3.0,P,387.58,1.0,['R'],B,387.61
SPY,2023-01-07 00:20:48.623215+00:00,P,387.64,3.0,P,387.57,1.0,['R'],B,387.605
SPY,2023-01-07 00:20:54.934560+00:00,P,387.6,1.0,P,387.57,1.0,['R'],B,387.58500000000004
SPY,2023-01-07 00:20:54.934936+00:00,P,387.64,3.0,P,387.57,1.0,['R'],B,387.605
SPY,2023-01-07 00:21:29.209364+00:00,P,387.64,3.0,P,387.56,1.0,['R'],B,387.6
SPY,2023-01-07 00:21:38.619350+00:00,P,387.64,3.0,P,387.57,1.0,['R'],B,387.605
SPY,2023-01-07 00:21:55.170973+00:00,P,387.64,3.0,P,387.56,1.0,['R'],B,387.6
SPY,2023-01-07 00:22:02.146526+00:00,P,387.64,3.0,P,387.57,1.0,['R'],B,387.605
SPY,2023-01-07 00:22:07.633438+00:00,T,387.62,1.0,P,387.57,1.0,['R'],B,387.595
SPY,2023-01-07 00:22:07.633483+00:00,T,387.62,1.0,P,387.56,1.0,['R'],B,387.59000000000003
SPY,2023-01-07 00:22:07.634195+00:00,P,387.64,3.0,P,387.56,1.0,['R'],B,387.6
SPY,2023-01-07 00:22:07.634235+00:00,T,387.62,2.0,P,387.56,1.0,['R'],B,387.59000000000003
SPY,2023-01-07 00:22:07.634245+00:00,T,387.62,3.0,P,387.56,1.0,['R'],B,387.59000000000003
SPY,2023-01-07 00:22:35.961496+00:00,P,387.6,1.0,P,387.56,1.0,['R'],B,387.58000000000004
SPY,2023-01-07 00:22:35.961912+00:00,P,387.61,1.0,P,387.56,1.0,['R'],B,387.58500000000004
SPY,2023-01-07 00:22:35.962062+00:00,T,387.62,3.0,P,387.56,1.0,['R'],B,387.59000000000003
SPY,2023-01-07 00:22:35.962267+00:00,T,387.62,1.0,P,387.56,1.0,['R'],B,387.59000000000003
SPY,2023-01-07 00:22:35.962678+00:00,T,387.6,2.0,P,387.56,1.0,['R'],B,387.58000000000004
SPY,2023-01-07 00:23:15.625447+00:00,P,387.59,3.0,P,387.56,1.0,['R'],B,387.575
SPY,2023-01-07 00:23:15.626024+00:00,P,387.59,2.0,P,387.56,1.0,['R'],B,387.575
SPY,2023-01-07 00:23:15.626635+00:00,T,387.59,2.0,P,387.56,1.0,['R'],B,387.575
SPY,2023-01-07 00:23:15.627517+00:00,P,387.59,2.0,P,387.56,1.0,['R'],B,387.575
SPY,2023-01-07 00:23:35.929898+00:00,P,387.58,3.0,T,387.55,1.0,['R'],B,387.565
SPY,2023-01-07 00:24:06.506089+00:00,T,387.58,2.0,T,387.55,1.0,['R'],B,387.565
SPY,2023-01-07 00:24:29.036978+00:00,T,387.58,1.0,T,387.55,1.0,['R'],B,387.565
SPY,2023-01-07 00:24:34.509093+00:00,P,387.59,2.0,T,387.55,1.0,['R'],B,387.57
SPY,2023-01-07 00:24:34.522751+00:00,T,387.59,2.0,P,387.58,4.0,['R'],B,387.585
SPY,2023-01-07 00:25:00.411361+00:00,T,387.59,1.0,P,387.58,4.0,['R'],B,387.585
SPY,2023-01-07 00:25:34.888378+00:00,T,387.62,2.0,P,387.58,4.0,['R'],B,387.6
SPY,2023-01-07 00:25:34.888779+00:00,T,387.62,1.0,P,387.58,4.0,['R'],B,387.6
SPY,2023-01-07 00:25:34.889159+00:00,T,387.62,3.0,P,387.58,4.0,['R'],B,387.6
SPY,2023-01-07 00:26:18.054128+00:00,P,387.61,3.0,P,387.58,4.0,['R'],B,387.595
SPY,2023-01-07 00:26:22.006491+00:00,T,387.61,2.0,P,387.58,4.0,['R'],B,387.595
SPY,2023-01-07 00:26:22.006877+00:00,T,387.62,1.0,P,387.58,4.0,['R'],B,387.6
SPY,2023-01-07 00:26:22.007744+00:00,T,387.62,3.0,P,387.58,4.0,['R'],B,387.6
SPY,2023-01-07 00:26:22.007995+00:00,T,387.62,2.0,P,387.58,4.0,['R'],B,387.6
SPY,2023-01-07 00:26:22.008000+00:00,P,387.64,3.0,P,387.58,4.0,['R'],B,387.61
SPY,2023-01-07 00:26:22.008346+00:00,T,387.62,2.0,P,387.58,4.0,['R'],B,387.6
SPY,2023-01-07 00:26:22.011724+00:00,P,387.64,3.0,P,387.58,4.0,['R'],B,387.61
SPY,2023-01-07 00:26:22.012651+00:00,T,387.64,2.0,P,387.58,4.0,['R'],B,387.61
SPY,2023-01-07 00:26:22.015914+00:00,P,387.66,1.0,P,387.58,4.0,['R'],B,387.62
SPY,2023-01-07 00:26:22.016475+00:00,T,387.66,2.0,P,387.58,4.0,['R'],B,387.62
SPY,2023-01-07 00:26:22.017302+00:00,P,387.7,1.0,P,387.58,4.0,['R'],B,387.64
SPY,2023-01-07 00:26:22.018049+00:00,T,387.7,2.0,P,387.58,4.0,['R'],B,387.64
SPY,2023-01-07 00:26:29.402050+00:00,P,387.69,3.0,P,387.58,4.0,['R'],B,387.635
SPY,2023-01-07 00:26:43.989477+00:00,P,387.68,1.0,P,387.58,4.0,['R'],B,387.63
SPY,2023-01-07 00:26:43.990635+00:00,T,387.68,2.0,P,387.58,4.0,['R'],B,387.63
SPY,2023-01-07 00:26:57.741880+00:00,T,387.68,2.0,P,387.63,1.0,['R'],B,387.655
SPY,2023-01-07 00:27:12.005669+00:00,P,387.66,3.0,P,387.63,1.0,['R'],B,387.645
SPY,2023-01-07 00:27:12.543763+00:00,T,387.66,2.0,P,387.63,1.0,['R'],B,387.645
SPY,2023-01-07 00:27:39.530081+00:00,T,387.66,2.0,P,387.63,2.0,['R'],B,387.645
SPY,2023-01-07 00:28:05.991226+00:00,T,387.66,2.0,P,387.63,1.0,['R'],B,387.645
SPY,2023-01-07 00:28:05.991712+00:00,P,387.66,3.0,P,387.63,1.0,['R'],B,387.645
SPY,2023-01-07 00:28:09.265810+00:00,P,387.65,1.0,P,387.63,1.0,['R'],B,387.64
SPY,2023-01-07 00:28:09.266993+00:00,T,387.65,2.0,P,387.63,1.0,['R'],B,387.64
SPY,2023-01-07 00:28:25.240915+00:00,T,387.65,2.0,P,387.6,1.0,['R'],B,387.625
SPY,2023-01-07 00:28:33.084948+00:00,P,387.64,3.0,P,387.6,1.0,['R'],B,387.62
SPY,2023-01-07 00:28:41.274565+00:00,P,387.64,3.0,P,387.6,11.0,['R'],B,387.62
SPY,2023-01-07 00:28:42.435184+00:00,P,387.64,3.0,P,387.62,1.0,['R'],B,387.63
SPY,2023-01-07 00:28:53.373076+00:00,P,387.64,3.0,P,387.63,1.0,['R'],B,387.635
SPY,2023-01-07 00:29:04.247840+00:00,P,387.64,3.0,P,387.6,11.0,['R'],B,387.62
SPY,2023-01-07 00:29:34.983876+00:00,P,387.64,3.0,P,387.6,10.0,['R'],B,387.62
SPY,2023-01-07 00:29:36.057412+00:00,P,387.63,2.0,P,387.6,10.0,['R'],B,387.615
SPY,2023-01-07 00:29:47.200548+00:00,P,387.62,3.0,P,387.6,10.0,['R'],B,387.61
SPY,2023-01-07 00:30:20.510692+00:00,T,387.62,2.0,P,387.6,10.0,['R'],B,387.61
SPY,2023-01-07 00:31:03.038454+00:00,P,387.62,2.0,P,387.6,10.0,['R'],B,387.61
SPY,2023-01-07 00:31:07.958935+00:00,T,387.62,2.0,P,387.61,1.0,['R'],B,387.615
SPY,2023-01-07 00:31:31.187798+00:00,P,387.62,1.0,P,387.61,1.0,['R'],B,387.615
SPY,2023-01-07 00:31:31.188288+00:00,T,387.62,2.0,P,387.61,1.0,['R'],B,387.615
SPY,2023-01-07 00:31:54.035533+00:00,T,387.62,2.0,P,387.6,10.0,['R'],B,387.61
SPY,2023-01-07 00:31:54.312130+00:00,T,387.62,1.0,P,387.6,10.0,['R'],B,387.61
SPY,2023-01-07 00:32:19.403459+00:00,T,387.62,1.0,P,387.62,2.0,['R'],B,387.62
SPY,2023-01-07 00:32:19.404186+00:00,P,387.63,2.0,P,387.62,2.0,['R'],B,387.625
SPY,2023-01-07 00:32:24.997685+00:00,T,387.63,2.0,P,387.62,2.0,['R'],B,387.625
SPY,2023-01-07 00:32:30.536682+00:00,T,387.63,2.0,P,387.62,3.0,['R'],B,387.625
SPY,2023-01-07 00:32:34.160896+00:00,P,387.66,3.0,P,387.62,3.0,['R'],B,387.64
SPY,2023-01-07 00:32:34.169767+00:00,P,387.66,3.0,P,387.63,3.0,['R'],B,387.645
SPY,2023-01-07 00:32:42.981827+00:00,P,387.65,2.0,P,387.63,3.0,['R'],B,387.64
SPY,2023-01-07 00:32:56.355073+00:00,T,387.65,1.0,P,387.63,3.0,['R'],B,387.64
SPY,2023-01-07 00:33:04.293652+00:00,T,387.65,1.0,P,387.63,4.0,['R'],B,387.64
SPY,2023-01-07 00:33:10.813819+00:00,T,387.65,1.0,P,387.65,8.0,['R'],B,387.65
SPY,2023-01-07 00:33:10.814551+00:00,P,387.66,2.0,P,387.65,8.0,['R'],B,387.655
SPY,2023-01-07 00:34:20.131810+00:00,P,387.7,6.0,P,387.65,8.0,['R'],B,387.67499999999995
SPY,2023-01-07 00:34:20.137649+00:00,P,387.7,6.0,P,387.66,2.0,['R'],B,387.68
SPY,2023-01-07 00:34:24.264542+00:00,P,387.7,6.0,P,387.66,1.0,['R'],B,387.68
SPY,2023-01-07 00:34:26.527220+00:00,P,387.7,6.0,P,387.65,9.0,['R'],B,387.67499999999995
SPY,2023-01-07 00:34:37.363121+00:00,P,387.7,5.0,P,387.65,9.0,['R'],B,387.67499999999995
SPY,2023-01-07 00:34:40.811092+00:00,P,387.7,205.0,P,387.65,9.0,['R'],B,387.67499999999995
SPY,2023-01-07 00:34:58.594656+00:00,P,387.7,205.0,P,387.65,8.0,['R'],B,387.67499999999995
SPY,2023-01-07 00:35:16.826401+00:00,P,387.69,4.0,P,387.65,8.0,['R'],B,387.66999999999996
SPY,2023-01-07 00:35:37.037569+00:00,P,387.68,2.0,P,387.65,8.0,['R'],B,387.66499999999996
SPY,2023-01-07 00:36:43.968860+00:00,P,387.68,1.0,P,387.65,8.0,['R'],B,387.66499999999996
SPY,2023-01-07 00:36:51.172261+00:00,P,387.69,4.0,P,387.65,8.0,['R'],B,387.66999999999996
SPY,2023-01-07 00:36:52.220830+00:00,P,387.69,4.0,P,387.65,9.0,['R'],B,387.66999999999996
SPY,2023-01-07 00:38:22.081526+00:00,P,387.69,4.0,P,387.65,10.0,['R'],B,387.66999999999996
SPY,2023-01-07 00:38:53.923531+00:00,P,387.69,104.0,P,387.65,10.0,['R'],B,387.66999999999996
SPY,2023-01-07 00:40:50.409669+00:00,P,387.68,3.0,P,387.65,10.0,['R'],B,387.66499999999996
SPY,2023-01-07 00:41:48.746361+00:00,P,387.68,6.0,P,387.65,10.0,['R'],B,387.66499999999996
SPY,2023-01-07 00:42:30.361907+00:00,P,387.68,6.0,P,387.65,11.0,['R'],B,387.66499999999996
SPY,2023-01-07 00:42:34.711441+00:00,P,387.68,6.0,P,387.65,10.0,['R'],B,387.66499999999996
SPY,2023-01-07 00:42:45.176516+00:00,P,387.68,6.0,P,387.65,12.0,['R'],B,387.66499999999996
SPY,2023-01-07 00:42:55.323965+00:00,P,387.68,5.0,P,387.65,12.0,['R'],B,387.66499999999996
SPY,2023-01-07 00:44:11.668941+00:00,P,387.68,5.0,P,387.66,2.0,['R'],B,387.67
SPY,2023-01-07 00:44:55.285027+00:00,P,387.68,6.0,P,387.66,2.0,['R'],B,387.67
SPY,2023-01-07 00:45:53.593613+00:00,P,387.68,5.0,P,387.66,2.0,['R'],B,387.67
SPY,2023-01-07 00:46:28.802430+00:00,P,387.68,6.0,P,387.66,2.0,['R'],B,387.67
SPY,2023-01-07 00:46:55.690976+00:00,P,387.68,206.0,P,387.66,2.0,['R'],B,387.67
SPY,2023-01-07 00:47:01.941859+00:00,P,387.68,205.0,P,387.66,2.0,['R'],B,387.67
SPY,2023-01-07 00:47:33.955170+00:00,P,387.68,205.0,P,387.66,3.0,['R'],B,387.67
SPY,2023-01-07 00:48:03.282492+00:00,P,387.68,205.0,P,387.66,1.0,['R'],B,387.67
SPY,2023-01-07 00:48:42.387591+00:00,P,387.67,3.0,P,387.66,1.0,['R'],B,387.665
SPY,2023-01-07 00:48:49.210983+00:00,P,387.67,3.0,P,387.65,10.0,['R'],B,387.65999999999997
SPY,2023-01-07 00:48:57.657540+00:00,P,387.67,3.0,P,387.65,7.0,['R'],B,387.65999999999997
SPY,2023-01-07 00:48:58.078711+00:00,P,387.67,3.0,P,387.65,4.0,['R'],B,387.65999999999997
SPY,2023-01-07 00:49:02.744470+00:00,P,387.67,3.0,P,387.56,1.0,['R'],B,387.615
SPY,2023-01-07 00:49:16.734908+00:00,P,387.67,203.0,P,387.56,1.0,['R'],B,387.615
SPY,2023-01-07 00:49:23.721931+00:00,P,387.65,1.0,P,387.56,1.0,['R'],B,387.605
SPY,2023-01-07 00:49:23.722347+00:00,P,387.67,203.0,P,387.56,1.0,['R'],B,387.615
SPY,2023-01-07 00:49:29.506028+00:00,P,387.65,1.0,P,387.56,1.0,['R'],B,387.605
SPY,2023-01-07 00:49:44.339913+00:00,P,387.63,3.0,P,387.56,1.0,['R'],B,387.595
SPY,2023-01-07 00:49:44.340369+00:00,P,387.63,2.0,P,387.56,1.0,['R'],B,387.595
SPY,2023-01-07 00:49:44.342334+00:00,P,387.63,1.0,P,387.56,1.0,['R'],B,387.595
SPY,2023-01-07 00:49:44.344429+00:00,P,387.65,2.0,P,387.56,1.0,['R'],B,387.605
SPY,2023-01-07 00:49:46.073604+00:00,P,387.65,2.0,P,387.58,1.0,['R'],B,387.615
SPY,2023-01-07 00:50:12.084462+00:00,P,387.65,202.0,P,387.58,1.0,['R'],B,387.615
SPY,2023-01-07 00:50:16.805358+00:00,P,387.65,202.0,P,387.59,1.0,['R'],B,387.62
SPY,2023-01-07 00:50:22.320397+00:00,P,387.65,201.0,P,387.59,1.0,['R'],B,387.62
SPY,2023-01-07 00:50:24.134929+00:00,P,387.65,200.0,P,387.59,1.0,['R'],B,387.62
SPY,2023-01-07 00:50:30.617738+00:00,P,387.65,201.0,P,387.59,1.0,['R'],B,387.62
SPY,2023-01-07 00:50:43.844767+00:00,P,387.65,201.0,P,387.62,1.0,['R'],B,387.635
SPY,2023-01-07 00:50:43.845218+00:00,P,387.65,201.0,P,387.61,1.0,['R'],B,387.63
SPY,2023-01-07 00:50:43.845449+00:00,P,387.65,201.0,P,387.6,1.0,['R'],B,387.625
SPY,2023-01-07 00:50:46.179100+00:00,P,387.58,2.0,P,387.51,4.0,['R'],B,387.54499999999996
SPY,2023-01-07 00:50:46.181350+00:00,P,387.58,1.0,P,387.51,4.0,['R'],B,387.54499999999996
SPY,2023-01-07 00:50:46.183556+00:00,P,387.63,1.0,P,387.51,4.0,['R'],B,387.57
SPY,2023-01-07 00:51:12.762331+00:00,P,387.63,1.0,P,387.52,1.0,['R'],B,387.575
SPY,2023-01-07 00:51:18.957807+00:00,P,387.61,1.0,P,387.52,1.0,['R'],B,387.565
SPY,2023-01-07 00:51:18.960272+00:00,P,387.63,1.0,P,387.52,1.0,['R'],B,387.575
SPY,2023-01-07 00:51:19.326002+00:00,P,387.63,1.0,P,387.53,1.0,['R'],B,387.58
SPY,2023-01-07 00:51:47.480546+00:00,P,387.63,1.0,P,387.53,2.0,['R'],B,387.58
SPY,2023-01-07 00:52:00.339972+00:00,P,387.62,1.0,P,387.53,2.0,['R'],B,387.575
SPY,2023-01-07 00:52:09.033189+00:00,P,387.63,1.0,P,387.53,2.0,['R'],B,387.58
SPY,2023-01-07 00:52:09.035379+00:00,P,387.62,1.0,P,387.53,2.0,['R'],B,387.575
SPY,2023-01-07 00:52:11.131706+00:00,P,387.62,1.0,P,387.53,1.0,['R'],B,387.575
SPY,2023-01-07 00:52:16.757193+00:00,P,387.63,1.0,P,387.53,1.0,['R'],B,387.58
SPY,2023-01-07 00:52:26.517001+00:00,P,387.6,3.0,P,387.53,1.0,['R'],B,387.565
SPY,2023-01-07 00:52:30.795970+00:00,P,387.6,2.0,P,387.53,1.0,['R'],B,387.565
SPY,2023-01-07 00:52:44.877782+00:00,P,387.6,2.0,P,387.52,1.0,['R'],B,387.56
SPY,2023-01-07 00:53:27.476713+00:00,P,387.6,252.0,P,387.52,1.0,['R'],B,387.56
SPY,2023-01-07 00:53:32.066634+00:00,P,387.6,251.0,P,387.52,1.0,['R'],B,387.56
SPY,2023-01-07 00:53:34.645212+00:00,P,387.6,251.0,P,387.51,4.0,['R'],B,387.555
SPY,2023-01-07 00:53:34.646826+00:00,P,387.6,251.0,P,387.51,1.0,['R'],B,387.555
SPY,2023-01-07 00:53:38.843451+00:00,P,387.6,249.0,P,387.51,1.0,['R'],B,387.555
SPY,2023-01-07 00:53:39.981591+00:00,P,387.6,250.0,P,387.51,1.0,['R'],B,387.555
SPY,2023-01-07 00:54:08.998075+00:00,P,387.59,3.0,P,387.51,1.0,['R'],B,387.54999999999995
SPY,2023-01-07 00:54:29.848811+00:00,P,387.58,1.0,P,387.51,1.0,['R'],B,387.54499999999996
SPY,2023-01-07 00:54:37.463063+00:00,P,387.58,1.0,P,387.51,2.0,['R'],B,387.54499999999996
SPY,2023-01-07 00:54:39.957010+00:00,P,387.59,3.0,P,387.51,2.0,['R'],B,387.54999999999995
SPY,2023-01-07 00:54:40.047049+00:00,P,387.57,1.0,P,387.51,2.0,['R'],B,387.53999999999996
SPY,2023-01-07 00:54:46.610735+00:00,P,387.59,4.0,P,387.51,2.0,['R'],B,387.54999999999995
SPY,2023-01-07 00:54:49.879088+00:00,P,387.59,3.0,P,387.51,2.0,['R'],B,387.54999999999995
SPY,2023-01-07 00:54:55.693414+00:00,P,387.59,3.0,P,387.51,1.0,['R'],B,387.54999999999995
SPY,2023-01-07 00:55:07.018737+00:00,P,387.59,3.0,P,387.51,2.0,['R'],B,387.54999999999995
SPY,2023-01-07 00:55:08.179005+00:00,P,387.59,3.0,P,387.53,1.0,['R'],B,387.55999999999995
SPY,2023-01-07 00:55:08.576405+00:00,P,387.59,3.0,T,387.55,5.0,['R'],B,387.57
SPY,2023-01-07 00:55:13.396612+00:00,P,387.58,1.0,T,387.55,5.0,['R'],B,387.565
SPY,2023-01-07 00:55:17.302791+00:00,P,387.58,1.0,T,387.55,4.0,['R'],B,387.565
SPY,2023-01-07 00:55:29.994102+00:00,P,387.58,1.0,T,387.55,9.0,['R'],B,387.565
SPY,2023-01-07 00:55:45.466162+00:00,P,387.57,1.0,T,387.55,9.0,['R'],B,387.56
SPY,2023-01-07 00:55:52.325496+00:00,P,387.58,1.0,T,387.55,9.0,['R'],B,387.565
SPY,2023-01-07 00:55:57.577996+00:00,P,387.58,1.0,P,387.56,1.0,['R'],B,387.57
SPY,2023-01-07 00:56:04.705642+00:00,P,387.59,3.0,P,387.56,1.0,['R'],B,387.575
SPY,2023-01-07 00:56:06.221700+00:00,P,387.59,3.0,P,387.57,2.0,['R'],B,387.58
SPY,2023-01-07 00:56:07.716183+00:00,P,387.59,2.0,P,387.57,2.0,['R'],B,387.58
SPY,2023-01-07 00:56:07.767615+00:00,P,387.59,1.0,P,387.57,2.0,['R'],B,387.58
SPY,2023-01-07 00:56:07.769825+00:00,P,387.6,250.0,P,387.57,2.0,['R'],B,387.58500000000004
SPY,2023-01-07 00:56:11.121657+00:00,P,387.6,250.0,P,387.57,3.0,['R'],B,387.58500000000004
SPY,2023-01-07 00:56:11.858594+00:00,P,387.6,250.0,P,387.57,4.0,['R'],B,387.58500000000004
SPY,2023-01-07 00:56:12.831812+00:00,P,387.6,249.0,P,387.57,4.0,['R'],B,387.58500000000004
SPY,2023-01-07 00:56:13.769631+00:00,P,387.6,249.0,P,387.57,3.0,['R'],B,387.58500000000004
SPY,2023-01-07 00:56:13.870696+00:00,P,387.6,249.0,P,387.58,1.0,['R'],B,387.59000000000003
SPY,2023-01-07 00:56:16.392656+00:00,P,387.6,249.0,P,387.57,3.0,['R'],B,387.58500000000004
SPY,2023-01-07 00:56:23.456416+00:00,P,387.6,250.0,P,387.57,3.0,['R'],B,387.58500000000004
SPY,2023-01-07 00:56:30.762371+00:00,P,387.6,249.0,P,387.57,3.0,['R'],B,387.58500000000004
SPY,2023-01-07 00:56:56.200279+00:00,P,387.6,249.0,P,387.57,2.0,['R'],B,387.58500000000004
SPY,2023-01-07 00:57:11.363961+00:00,P,387.59,3.0,P,387.57,2.0,['R'],B,387.58
SPY,2023-01-07 00:57:11.364312+00:00,P,387.59,2.0,P,387.57,2.0,['R'],B,387.58
SPY,2023-01-07 00:57:15.519288+00:00,P,387.6,250.0,P,387.57,2.0,['R'],B,387.58500000000004
SPY,2023-01-07 00:57:23.065514+00:00,P,387.6,249.0,P,387.57,2.0,['R'],B,387.58500000000004
SPY,2023-01-07 00:57:23.066476+00:00,P,387.6,249.0,T,387.6,1.0,['R'],B,387.6
SPY,2023-01-07 00:57:23.377440+00:00,P,387.67,3.0,T,387.6,1.0,['R'],B,387.635
SPY,2023-01-07 00:57:23.378713+00:00,P,387.67,3.0,P,387.57,2.0,['R'],B,387.62
SPY,2023-01-07 00:57:23.378829+00:00,P,387.6,248.0,P,387.57,2.0,['R'],B,387.58500000000004
SPY,2023-01-07 00:57:44.951699+00:00,P,387.6,253.0,P,387.57,2.0,['R'],B,387.58500000000004
SPY,2023-01-07 00:57:46.076222+00:00,P,387.6,253.0,P,387.57,1.0,['R'],B,387.58500000000004
SPY,2023-01-07 00:57:52.975903+00:00,P,387.59,3.0,P,387.57,1.0,['R'],B,387.58
SPY,2023-01-07 00:58:01.484711+00:00,P,387.59,3.0,P,387.57,6.0,['R'],B,387.58
SPY,2023-01-07 00:58:06.536359+00:00,P,387.59,3.0,P,387.57,3.0,['R'],B,387.58
SPY,2023-01-07 00:58:07.157996+00:00,P,387.59,253.0,P,387.57,3.0,['R'],B,387.58
SPY,2023-01-07 00:58:32.245175+00:00,P,387.58,5.0,P,387.57,3.0,['R'],B,387.575
SPY,2023-01-07 00:58:38.105084+00:00,P,387.58,5.0,P,387.57,2.0,['R'],B,387.575
SPY,2023-01-07 00:58:38.105561+00:00,P,387.58,5.0,T,387.55,9.0,['R'],B,387.565
SPY,2023-01-07 00:58:42.462872+00:00,P,387.58,255.0,T,387.55,9.0,['R'],B,387.565
SPY,2023-01-07 00:58:56.132233+00:00,P,387.58,250.0,T,387.55,9.0,['R'],B,387.565
SPY,2023-01-07 00:58:56.200300+00:00,P,387.56,4.0,T,387.55,9.0,['R'],B,387.555
SPY,2023-01-07 00:58:57.698441+00:00,P,387.58,250.0,T,387.55,9.0,['R'],B,387.565
SPY,2023-01-07 00:58:59.809628+00:00,P,387.58,243.0,T,387.55,9.0,['R'],B,387.565
SPY,2023-01-07 00:59:02.816150+00:00,P,387.58,233.0,T,387.55,9.0,['R'],B,387.565
SPY,2023-01-07 00:59:06.360785+00:00,P,387.58,233.0,P,387.56,10.0,['R'],B,387.57
SPY,2023-01-07 00:59:07.598216+00:00,P,387.58,233.0,P,387.56,9.0,['R'],B,387.57
SPY,2023-01-07 00:59:09.405040+00:00,P,387.58,232.0,P,387.56,9.0,['R'],B,387.57
SPY,2023-01-07 00:59:21.454441+00:00,P,387.58,226.0,P,387.56,9.0,['R'],B,387.57
SPY,2023-01-07 00:59:21.850542+00:00,P,387.58,225.0,P,387.56,9.0,['R'],B,387.57
SPY,2023-01-07 00:59:22.734462+00:00,P,387.58,225.0,P,387.56,10.0,['R'],B,387.57
SPY,2023-01-07 00:59:26.113390+00:00,P,387.58,225.0,T,387.55,9.0,['R'],B,387.565
SPY,2023-01-07 00:59:26.155074+00:00,P,387.58,225.0,P,387.57,10.0,['R'],B,387.575
SPY,2023-01-07 00:59:33.558640+00:00,P,387.58,474.0,P,387.57,10.0,['R'],B,387.575
SPY,2023-01-07 00:59:46.172572+00:00,P,387.58,474.0,T,387.55,9.0,['R'],B,387.565
SPY,2023-01-07 00:59:46.224069+00:00,P,387.58,468.0,T,387.55,9.0,['R'],B,387.565
SPY,2023-01-07 00:59:55.618519+00:00,P,387.58,467.0,T,387.55,9.0,['R'],B,387.565
SPY,2023-01-07 00:59:57.784668+00:00,P,387.58,463.0,T,387.55,9.0,['R'],B,387.565
SPY,2023-01-07 00:59:58.489077+00:00,P,387.58,458.0,T,387.55,9.0,['R'],B,387.565
SPY,2023-01-07 00:59:58.643369+00:00,P,387.58,453.0,T,387.55,9.0,['R'],B,387.565
SPY,2023-01-07 01:00:00.232030+00:00,P,387.58,453.0,P,387.55,8.0,['R'],B,387.565
SPY,2023-01-09 09:00:00.003280+00:00,A,0.0,0.0,T,388.4,5.0,['R'],B,194.2
SPY,2023-01-09 09:00:00.003376+00:00,T,388.51,5.0,T,388.4,5.0,['R'],B,388.455
SPY,2023-01-09 09:00:00.006854+00:00,T,388.51,6.0,T,388.4,5.0,['R'],B,388.455
SPY,2023-01-09 09:00:00.026761+00:00,P,388.5,6.0,T,388.4,5.0,['R'],B,388.45
SPY,2023-01-09 09:00:00.026771+00:00,P,388.5,7.0,T,388.4,5.0,['R'],B,388.45
SPY,2023-01-09 09:00:00.026776+00:00,P,388.5,6.0,T,388.4,5.0,['R'],B,388.45
SPY,2023-01-09 09:00:00.026776+00:00,T,388.51,6.0,T,388.4,5.0,['R'],B,388.455
SPY,2023-01-09 09:00:00.026781+00:00,P,388.5,5.0,P,388.41,8.0,['R'],B,388.45500000000004
SPY,2023-01-09 09:00:00.026781+00:00,P,388.5,5.0,T,388.4,5.0,['R'],B,388.45
SPY,2023-01-09 09:00:00.026787+00:00,P,388.5,10.0,P,388.41,13.0,['R'],B,388.45500000000004
SPY,2023-01-09 09:00:00.026787+00:00,P,388.5,5.0,P,388.41,13.0,['R'],B,388.45500000000004
SPY,2023-01-09 09:00:00.026791+00:00,P,388.5,18.0,P,388.41,13.0,['R'],B,388.45500000000004
SPY,2023-01-09 09:00:00.030646+00:00,P,388.5,19.0,P,388.41,13.0,['R'],B,388.45500000000004
SPY,2023-01-09 09:00:00.138923+00:00,P,388.5,14.0,P,388.41,13.0,['R'],B,388.45500000000004
SPY,2023-01-09 09:00:00.138938+00:00,K,388.5,6.0,P,388.41,13.0,['R'],B,388.45500000000004
SPY,2023-01-09 09:00:00.141033+00:00,T,388.5,5.0,P,388.41,13.0,['R'],B,388.45500000000004
SPY,2023-01-09 09:00:00.141344+00:00,P,388.5,1.0,P,388.41,13.0,['R'],B,388.45500000000004
SPY,2023-01-09 09:00:00.200675+00:00,P,388.5,6.0,P,388.41,13.0,['R'],B,388.45500000000004
SPY,2023-01-09 09:00:00.897491+00:00,K,388.5,6.0,K,388.41,5.0,['R'],B,388.45500000000004
SPY,2023-01-09 09:00:00.897797+00:00,P,388.5,6.0,T,388.4,10.0,['R'],B,388.45
SPY,2023-01-09 09:00:00.897987+00:00,P,388.5,6.0,P,388.4,5.0,['R'],B,388.45
SPY,2023-01-09 09:00:00.898243+00:00,K,388.5,6.0,P,388.42,13.0,['R'],B,388.46000000000004
SPY,2023-01-09 09:00:00.898243+00:00,K,388.5,6.0,P,388.42,8.0,['R'],B,388.46000000000004
SPY,2023-01-09 09:00:00.898493+00:00,P,388.5,6.0,P,388.42,13.0,['R'],B,388.46000000000004
SPY,2023-01-09 09:00:00.943616+00:00,K,388.5,6.0,K,388.42,5.0,['R'],B,388.46000000000004
SPY,2023-01-09 09:00:00.943881+00:00,P,388.5,6.0,T,388.42,5.0,['R'],B,388.46000000000004
SPY,2023-01-09 09:00:00.944007+00:00,P,388.5,6.0,P,388.41,13.0,['R'],B,388.45500000000004
SPY,2023-01-09 09:00:00.962270+00:00,K,388.5,6.0,P,388.41,8.0,['R'],B,388.45500000000004
SPY,2023-01-09 09:00:00.962275+00:00,K,388.5,6.0,K,388.41,5.0,['R'],B,388.45500000000004
SPY,2023-01-09 09:00:00.962305+00:00,P,388.5,6.0,T,388.41,5.0,['R'],B,388.45500000000004
SPY,2023-01-09 09:00:00.962626+00:00,P,388.5,6.0,P,388.4,13.0,['R'],B,388.45
SPY,2023-01-09 09:00:00.982453+00:00,K,388.5,6.0,P,388.4,18.0,['R'],B,388.45
SPY,2023-01-09 09:00:00.982473+00:00,P,388.5,6.0,P,388.4,18.0,['R'],B,388.45
SPY,2023-01-09 09:00:01.005277+00:00,K,388.5,6.0,K,388.4,10.0,['R'],B,388.45
SPY,2023-01-09 09:00:01.005528+00:00,P,388.5,6.0,T,388.4,10.0,['R'],B,388.45
SPY,2023-01-09 09:00:01.005643+00:00,P,388.5,6.0,P,388.4,5.0,['R'],B,388.45
SPY,2023-01-09 09:00:01.006069+00:00,K,388.5,6.0,K,388.4,5.0,['R'],B,388.45
SPY,2023-01-09 09:00:01.006079+00:00,P,388.5,6.0,T,388.4,5.0,['R'],B,388.45
SPY,2023-01-09 09:00:01.006365+00:00,P,388.5,6.0,P,388.39,13.0,['R'],B,388.445
SPY,2023-01-09 09:00:01.046701+00:00,P,388.49,5.0,P,388.39,13.0,['R'],B,388.44
SPY,2023-01-09 09:00:01.047102+00:00,T,388.49,6.0,P,388.39,13.0,['R'],B,388.44
SPY,2023-01-09 09:00:01.062558+00:00,P,388.48,5.0,P,388.39,13.0,['R'],B,388.435
SPY,2023-01-09 09:00:01.062614+00:00,P,388.48,6.0,P,388.39,13.0,['R'],B,388.435
SPY,2023-01-09 09:00:01.076562+00:00,P,388.47,5.0,P,388.39,13.0,['R'],B,388.43
SPY,2023-01-09 09:00:01.076943+00:00,T,388.47,6.0,P,388.39,13.0,['R'],B,388.43
SPY,2023-01-09 09:00:01.094284+00:00,T,388.47,6.0,P,388.39,12.0,['R'],B,388.43
SPY,2023-01-09 09:00:01.094334+00:00,T,388.47,6.0,P,388.39,7.0,['R'],B,388.43
SPY,2023-01-09 09:00:01.111625+00:00,T,388.47,1.0,P,388.39,7.0,['R'],B,388.43
SPY,2023-01-09 09:00:01.472593+00:00,P,388.47,5.0,P,388.39,7.0,['R'],B,388.43
SPY,2023-01-09 09:00:01.472919+00:00,T,388.47,6.0,P,388.39,7.0,['R'],B,388.43
SPY,2023-01-09 09:00:02.564698+00:00,T,388.47,6.0,T,388.39,5.0,['R'],B,388.43
SPY,2023-01-09 09:00:02.565039+00:00,T,388.47,6.0,P,388.38,5.0,['R'],B,388.425
SPY,2023-01-09 09:00:02.565410+00:00,T,388.47,6.0,T,388.38,5.0,['R'],B,388.425
SPY,2023-01-09 09:00:02.565690+00:00,T,388.47,6.0,P,388.37,13.0,['R'],B,388.42
SPY,2023-01-09 09:00:02.569048+00:00,P,388.46,5.0,P,388.37,13.0,['R'],B,388.41499999999996
SPY,2023-01-09 09:00:02.569063+00:00,P,388.46,13.0,P,388.37,13.0,['R'],B,388.41499999999996
SPY,2023-01-09 09:00:02.569108+00:00,P,388.46,14.0,P,388.37,13.0,['R'],B,388.41499999999996
SPY,2023-01-09 09:00:02.583407+00:00,P,388.45,5.0,P,388.37,13.0,['R'],B,388.40999999999997
SPY,2023-01-09 09:00:02.583758+00:00,T,388.45,6.0,P,388.37,13.0,['R'],B,388.40999999999997
SPY,2023-01-09 09:00:02.643891+00:00,T,388.45,6.0,T,388.37,5.0,['R'],B,388.40999999999997
SPY,2023-01-09 09:00:02.644212+00:00,T,388.45,6.0,K,388.37,4.0,['R'],B,388.40999999999997
SPY,2023-01-09 09:00:02.880674+00:00,T,388.45,6.0,T,388.37,5.0,['R'],B,388.40999999999997
SPY,2023-01-09 09:00:02.881265+00:00,T,388.45,1.0,T,388.37,5.0,['R'],B,388.40999999999997
SPY,2023-01-09 09:00:02.890983+00:00,T,388.45,1.0,P,388.38,5.0,['R'],B,388.41499999999996
SPY,2023-01-09 09:00:02.893925+00:00,T,388.45,1.0,K,388.38,10.0,['R'],B,388.41499999999996
SPY,2023-01-09 09:00:03.086248+00:00,T,388.45,1.0,P,388.38,18.0,['R'],B,388.41499999999996
SPY,2023-01-09 09:00:03.525732+00:00,T,388.45,1.0,K,388.38,10.0,['R'],B,388.41499999999996
SPY,2023-01-09 09:00:03.525983+00:00,T,388.45,1.0,T,388.38,10.0,['R'],B,388.41499999999996
SPY,2023-01-09 09:00:03.526078+00:00,T,388.45,1.0,P,388.38,5.0,['R'],B,388.41499999999996
SPY,2023-01-09 09:00:03.636756+00:00,T,388.45,1.0,T,388.38,5.0,['R'],B,388.41499999999996
SPY,2023-01-09 09:00:03.637543+00:00,T,388.45,1.0,P,388.37,13.0,['R'],B,388.40999999999997
SPY,2023-01-09 09:00:03.979431+00:00,T,388.45,1.0,P,388.38,5.0,['R'],B,388.41499999999996
SPY,2023-01-09 09:00:04.350573+00:00,T,388.45,1.0,K,388.38,5.0,['R'],B,388.41499999999996
SPY,2023-01-09 09:00:04.350598+00:00,T,388.45,1.0,T,388.38,5.0,['R'],B,388.41499999999996
SPY,2023-01-09 09:00:04.350869+00:00,T,388.45,1.0,P,388.37,13.0,['R'],B,388.40999999999997
SPY,2023-01-09 09:00:04.361088+00:00,T,388.45,1.0,T,388.37,5.0,['R'],B,388.40999999999997
SPY,2023-01-09 09:00:04.361384+00:00,T,388.45,1.0,P,388.36,13.0,['R'],B,388.405
SPY,2023-01-09 09:00:04.361449+00:00,P,388.45,5.0,P,388.36,13.0,['R'],B,388.405
SPY,2023-01-09 09:00:04.361735+00:00,T,388.45,6.0,P,388.36,13.0,['R'],B,388.405
SPY,2023-01-09 09:00:07.463657+00:00,T,388.45,1.0,P,388.36,13.0,['R'],B,388.405
SPY,2023-01-09 09:00:07.465160+00:00,T,388.45,1.0,P,388.38,8.0,['R'],B,388.41499999999996
SPY,2023-01-09 09:00:07.465166+00:00,T,388.45,1.0,P,388.38,13.0,['R'],B,388.41499999999996
SPY,2023-01-09 09:00:07.480843+00:00,T,388.45,1.0,P,388.38,18.0,['R'],B,388.41499999999996
SPY,2023-01-09 09:00:07.620299+00:00,P,388.46,1.0,P,388.38,18.0,['R'],B,388.41999999999996
SPY,2023-01-09 09:00:08.640594+00:00,K,388.46,1.0,P,388.42,13.0,['R'],B,388.44
SPY,2023-01-09 09:00:08.640594+00:00,K,388.46,1.0,P,388.42,8.0,['R'],B,388.44
SPY,2023-01-09 09:00:08.640940+00:00,T,388.47,1.0,P,388.42,13.0,['R'],B,388.44500000000005
SPY,2023-01-09 09:00:09.659837+00:00,P,388.49,1.0,P,388.42,13.0,['R'],B,388.45500000000004
SPY,2023-01-09 09:00:09.671309+00:00,P,388.49,1.0,P,388.43,5.0,['R'],B,388.46000000000004
SPY,2023-01-09 09:00:10.182003+00:00,P,388.49,1.0,K,388.43,5.0,['R'],B,388.46000000000004
SPY,2023-01-09 09:00:10.182023+00:00,P,388.49,1.0,T,388.43,5.0,['R'],B,388.46000000000004
SPY,2023-01-09 09:00:10.182284+00:00,P,388.49,1.0,P,388.42,13.0,['R'],B,388.45500000000004
SPY,2023-01-09 09:00:10.218825+00:00,P,388.49,1.0,P,388.43,5.0,['R'],B,388.46000000000004
SPY,2023-01-09 09:00:10.327414+00:00,P,388.49,1.0,K,388.43,5.0,['R'],B,388.46000000000004
SPY,2023-01-09 09:00:10.327428+00:00,P,388.49,1.0,T,388.43,5.0,['R'],B,388.46000000000004
SPY,2023-01-09 09:00:10.327694+00:00,P,388.49,1.0,P,388.42,13.0,['R'],B,388.45500000000004
SPY,2023-01-09 09:00:10.364151+00:00,P,388.49,1.0,P,388.42,18.0,['R'],B,388.45500000000004
SPY,2023-01-09 09:00:10.389045+00:00,P,388.49,1.0,P,388.42,13.0,['R'],B,388.45500000000004
SPY,2023-01-09 09:00:10.569945+00:00,P,388.49,1.0,P,388.44,13.0,['R'],B,388.46500000000003
SPY,2023-01-09 09:00:10.569945+00:00,P,388.49,1.0,P,388.44,5.0,['R'],B,388.46500000000003
SPY,2023-01-09 09:00:10.579863+00:00,P,388.49,1.0,P,388.44,8.0,['R'],B,388.46500000000003
SPY,2023-01-09 09:00:10.579868+00:00,P,388.49,1.0,K,388.44,5.0,['R'],B,388.46500000000003
SPY,2023-01-09 09:00:10.580104+00:00,P,388.49,1.0,T,388.44,5.0,['R'],B,388.46500000000003
SPY,2023-01-09 09:00:10.580204+00:00,P,388.49,1.0,P,388.42,13.0,['R'],B,388.45500000000004
SPY,2023-01-09 09:00:10.619723+00:00,P,388.49,1.0,P,388.42,18.0,['R'],B,388.45500000000004
SPY,2023-01-09 09:00:10.765209+00:00,P,388.49,1.0,P,388.43,5.0,['R'],B,388.46000000000004
SPY,2023-01-09 09:00:10.874574+00:00,P,388.49,1.0,K,388.43,5.0,['R'],B,388.46000000000004
SPY,2023-01-09 09:00:10.874574+00:00,P,388.49,1.0,T,388.43,5.0,['R'],B,388.46000000000004
SPY,2023-01-09 09:00:10.874844+00:00,P,388.49,1.0,P,388.42,18.0,['R'],B,388.45500000000004
SPY,2023-01-09 09:00:10.936937+00:00,P,388.49,1.0,P,388.43,5.0,['R'],B,388.46000000000004
SPY,2023-01-09 09:00:11.089891+00:00,P,388.49,1.0,P,388.43,10.0,['R'],B,388.46000000000004
SPY,2023-01-09 09:00:11.089896+00:00,P,388.49,1.0,P,388.43,18.0,['R'],B,388.46000000000004
SPY,2023-01-09 09:00:11.443141+00:00,P,388.49,1.0,K,388.43,10.0,['R'],B,388.46000000000004
SPY,2023-01-09 09:00:11.443141+00:00,P,388.49,1.0,P,388.43,13.0,['R'],B,388.46000000000004
SPY,2023-01-09 09:00:11.443381+00:00,P,388.49,1.0,T,388.43,10.0,['R'],B,388.46000000000004
SPY,2023-01-09 09:00:11.443461+00:00,P,388.49,1.0,P,388.43,5.0,['R'],B,388.46000000000004
SPY,2023-01-09 09:00:11.443506+00:00,P,388.49,1.0,T,388.43,5.0,['R'],B,388.46000000000004
SPY,2023-01-09 09:00:11.443762+00:00,P,388.49,1.0,P,388.42,13.0,['R'],B,388.45500000000004
SPY,2023-01-09 09:00:11.783926+00:00,P,388.49,1.0,P,388.44,5.0,['R'],B,388.46500000000003
SPY,2023-01-09 09:00:11.783931+00:00,P,388.49,1.0,P,388.44,13.0,['R'],B,388.46500000000003
SPY,2023-01-09 09:00:12.454044+00:00,T,388.5,1.0,P,388.44,13.0,['R'],B,388.47
SPY,2023-01-09 09:00:12.695683+00:00,T,388.5,1.0,T,388.44,5.0,['R'],B,388.47
SPY,2023-01-09 09:00:12.695974+00:00,K,388.5,1.0,P,388.43,18.0,['R'],B,388.46500000000003
SPY,2023-01-09 09:00:14.038023+00:00,T,388.5,1.0,P,388.43,18.0,['R'],B,388.46500000000003
SPY,2023-01-09 09:00:14.151011+00:00,K,388.52,1.0,P,388.43,18.0,['R'],B,388.475
SPY,2023-01-09 09:00:14.388511+00:00,K,388.52,1.0,P,388.45,8.0,['R'],B,388.485
SPY,2023-01-09 09:00:14.388516+00:00,K,388.52,1.0,P,388.45,13.0,['R'],B,388.485
SPY,2023-01-09 09:00:14.389734+00:00,K,388.52,1.0,P,388.47,5.0,['R'],B,388.495
SPY,2023-01-09 09:00:14.389739+00:00,K,388.52,1.0,P,388.47,13.0,['R'],B,388.495
SPY,2023-01-09 09:00:14.414001+00:00,P,388.54,1.0,P,388.47,13.0,['R'],B,388.505
SPY,2023-01-09 09:00:17.350812+00:00,P,388.54,1.0,P,388.48,5.0,['R'],B,388.51
SPY,2023-01-09 09:00:17.436540+00:00,P,388.54,1.0,K,388.48,5.0,['R'],B,388.51
SPY,2023-01-09 09:00:17.436556+00:00,P,388.54,1.0,T,388.48,5.0,['R'],B,388.51
SPY,2023-01-09 09:00:17.436811+00:00,P,388.54,1.0,P,388.47,13.0,['R'],B,388.505
SPY,2023-01-09 09:00:18.973444+00:00,P,388.54,1.0,P,388.49,13.0,['R'],B,388.515
SPY,2023-01-09 09:00:18.973444+00:00,P,388.54,1.0,P,388.49,8.0,['R'],B,388.515
SPY,2023-01-09 09:00:19.063002+00:00,K,388.55,1.0,P,388.49,13.0,['R'],B,388.52
SPY,2023-01-09 09:00:19.103619+00:00,T,388.55,1.0,P,388.49,13.0,['R'],B,388.52
SPY,2023-01-09 09:00:19.103659+00:00,P,388.57,1.0,P,388.49,13.0,['R'],B,388.53
SPY,2023-01-09 09:00:19.114535+00:00,P,388.57,6.0,P,388.49,13.0,['R'],B,388.53
SPY,2023-01-09 09:00:19.339755+00:00,K,388.57,6.0,P,388.49,13.0,['R'],B,388.53
SPY,2023-01-09 09:00:19.339770+00:00,T,388.57,1.0,P,388.49,13.0,['R'],B,388.53
SPY,2023-01-09 09:00:20.274641+00:00,P,388.57,6.0,P,388.49,13.0,['R'],B,388.53
SPY,2023-01-09 09:00:20.274651+00:00,P,388.57,14.0,P,388.49,13.0,['R'],B,388.53
SPY,2023-01-09 09:00:20.276611+00:00,P,388.57,14.0,K,388.49,5.0,['R'],B,388.53
SPY,2023-01-09 09:00:20.276856+00:00,P,388.57,14.0,T,388.49,5.0,['R'],B,388.53
SPY,2023-01-09 09:00:20.277017+00:00,P,388.57,14.0,P,388.48,5.0,['R'],B,388.525
SPY,2023-01-09 09:00:20.277313+00:00,P,388.57,14.0,K,388.48,5.0,['R'],B,388.525
SPY,2023-01-09 09:00:20.277313+00:00,P,388.54,5.0,T,388.48,5.0,['R'],B,388.51
SPY,2023-01-09 09:00:20.277313+00:00,P,388.57,14.0,T,388.48,5.0,['R'],B,388.525
SPY,2023-01-09 09:00:20.277317+00:00,P,388.54,13.0,T,388.48,5.0,['R'],B,388.51
SPY,2023-01-09 09:00:20.277398+00:00,P,388.54,14.0,T,388.48,5.0,['R'],B,388.51
SPY,2023-01-09 09:00:20.277598+00:00,P,388.54,14.0,P,388.47,13.0,['R'],B,388.505
SPY,2023-01-09 09:00:20.277824+00:00,T,388.54,6.0,P,388.47,13.0,['R'],B,388.505
SPY,2023-01-09 09:00:20.278134+00:00,P,388.54,1.0,P,388.47,13.0,['R'],B,388.505
SPY,2023-01-09 09:00:20.291511+00:00,T,388.54,1.0,P,388.47,8.0,['R'],B,388.505
SPY,2023-01-09 09:00:20.291516+00:00,T,388.54,1.0,K,388.47,5.0,['R'],B,388.505
SPY,2023-01-09 09:00:20.291541+00:00,T,388.54,1.0,T,388.47,5.0,['R'],B,388.505
SPY,2023-01-09 09:00:20.291787+00:00,P,388.54,1.0,P,388.26,1.0,['R'],B,388.4
SPY,2023-01-09 09:00:20.318485+00:00,T,388.54,1.0,P,388.27,20.0,['R'],B,388.405
SPY,2023-01-09 09:00:20.318586+00:00,T,388.54,1.0,P,388.38,5.0,['R'],B,388.46000000000004
SPY,2023-01-09 09:00:20.318636+00:00,T,388.54,1.0,P,388.38,6.0,['R'],B,388.46000000000004
SPY,2023-01-09 09:00:20.318761+00:00,P,388.54,1.0,P,388.38,6.0,['R'],B,388.46000000000004
SPY,2023-01-09 09:00:20.325883+00:00,T,388.54,1.0,P,388.39,18.0,['R'],B,388.46500000000003
SPY,2023-01-09 09:00:20.325978+00:00,T,388.54,1.0,K,388.39,19.0,['R'],B,388.46500000000003
SPY,2023-01-09 09:00:20.326153+00:00,P,388.54,1.0,K,388.39,19.0,['R'],B,388.46500000000003
SPY,2023-01-09 09:00:20.338107+00:00,T,388.54,1.0,P,388.4,5.0,['R'],B,388.47
SPY,2023-01-09 09:00:20.338162+00:00,T,388.54,1.0,P,388.4,6.0,['R'],B,388.47
SPY,2023-01-09 09:00:20.338383+00:00,P,388.54,1.0,P,388.4,6.0,['R'],B,388.47
SPY,2023-01-09 09:00:20.360666+00:00,T,388.54,1.0,P,388.41,5.0,['R'],B,388.475
SPY,2023-01-09 09:00:20.360786+00:00,T,388.54,1.0,K,388.41,6.0,['R'],B,388.475
SPY,2023-01-09 09:00:20.360936+00:00,P,388.54,1.0,K,388.41,6.0,['R'],B,388.475
SPY,2023-01-09 09:00:20.379144+00:00,T,388.54,1.0,P,388.48,8.0,['R'],B,388.51
SPY,2023-01-09 09:00:20.379144+00:00,T,388.54,1.0,P,388.49,5.0,['R'],B,388.515
SPY,2023-01-09 09:00:20.379470+00:00,P,388.54,1.0,P,388.49,5.0,['R'],B,388.515
SPY,2023-01-09 09:00:20.383815+00:00,T,388.54,1.0,P,388.48,13.0,['R'],B,388.51
SPY,2023-01-09 09:00:20.619796+00:00,T,388.54,1.0,K,388.48,5.0,['R'],B,388.51
SPY,2023-01-09 09:00:20.620047+00:00,T,388.54,1.0,T,388.48,5.0,['R'],B,388.51
SPY,2023-01-09 09:00:20.620117+00:00,P,388.54,1.0,P,388.47,18.0,['R'],B,388.505
SPY,2023-01-09 09:00:20.620162+00:00,T,388.54,1.0,P,388.47,13.0,['R'],B,388.505
SPY,2023-01-09 09:00:20.620438+00:00,P,388.54,1.0,P,388.47,13.0,['R'],B,388.505
SPY,2023-01-09 09:00:21.763580+00:00,T,388.54,1.0,P,388.48,5.0,['R'],B,388.51
SPY,2023-01-09 09:00:21.763851+00:00,P,388.54,1.0,P,388.48,5.0,['R'],B,388.51
SPY,2023-01-09 09:00:22.026054+00:00,T,388.54,1.0,P,388.48,13.0,['R'],B,388.51
SPY,2023-01-09 09:00:22.026059+00:00,T,388.54,1.0,P,388.48,18.0,['R'],B,388.51
SPY,2023-01-09 09:00:22.026365+00:00,P,388.54,1.0,P,388.48,18.0,['R'],B,388.51
SPY,2023-01-09 09:00:22.340491+00:00,T,388.54,1.0,P,388.48,18.0,['R'],B,388.51
SPY,2023-01-09 09:00:31.393814+00:00,T,388.55,3.0,P,388.48,18.0,['R'],B,388.515
SPY,2023-01-09 09:00:31.393854+00:00,K,388.55,1.0,P,388.48,18.0,['R'],B,388.515
SPY,2023-01-09 09:00:31.618182+00:00,K,388.55,1.0,P,388.49,3.0,['R'],B,388.52
SPY,2023-01-09 09:00:31.618378+00:00,K,388.55,1.0,P,388.52,13.0,['R'],B,388.53499999999997
SPY,2023-01-09 09:00:31.618378+00:00,K,388.55,1.0,P,388.52,5.0,['R'],B,388.53499999999997
SPY,2023-01-09 09:00:31.618618+00:00,K,388.56,3.0,P,388.52,13.0,['R'],B,388.53999999999996
SPY,2023-01-09 09:00:31.618809+00:00,K,388.57,3.0,P,388.52,13.0,['R'],B,388.54499999999996
SPY,2023-01-09 09:00:31.618814+00:00,P,388.57,1.0,P,388.52,13.0,['R'],B,388.54499999999996
SPY,2023-01-09 09:00:31.629474+00:00,T,388.57,1.0,P,388.52,16.0,['R'],B,388.54499999999996
SPY,2023-01-09 09:00:32.064689+00:00,P,388.59,1.0,P,388.52,16.0,['R'],B,388.55499999999995
SPY,2023-01-09 09:00:32.064954+00:00,P,388.59,1.0,P,388.53,3.0,['R'],B,388.55999999999995
SPY,2023-01-09 09:00:32.064994+00:00,P,388.59,1.0,P,388.53,6.0,['R'],B,388.55999999999995
SPY,2023-01-09 09:00:32.065039+00:00,P,388.59,1.0,P,388.53,3.0,['R'],B,388.55999999999995
SPY,2023-01-09 09:00:32.075650+00:00,P,388.59,1.0,P,388.53,8.0,['R'],B,388.55999999999995
SPY,2023-01-09 09:00:32.111565+00:00,P,388.58,3.0,K,388.53,8.0,['R'],B,388.55499999999995
SPY,2023-01-09 09:00:32.111826+00:00,P,388.58,3.0,T,388.53,8.0,['R'],B,388.55499999999995
SPY,2023-01-09 09:00:32.111901+00:00,P,388.58,3.0,P,388.53,8.0,['R'],B,388.55499999999995
SPY,2023-01-09 09:00:32.236763+00:00,K,388.58,3.0,K,388.53,8.0,['R'],B,388.55499999999995
SPY,2023-01-09 09:00:32.236988+00:00,T,388.58,3.0,T,388.53,5.0,['R'],B,388.55499999999995
SPY,2023-01-09 09:00:33.859901+00:00,T,388.58,3.0,P,388.53,8.0,['R'],B,388.55499999999995
SPY,2023-01-09 09:00:33.860227+00:00,P,388.58,3.0,P,388.53,8.0,['R'],B,388.55499999999995
SPY,2023-01-09 09:00:33.863224+00:00,K,388.58,3.0,K,388.53,8.0,['R'],B,388.55499999999995
SPY,2023-01-09 09:00:33.863454+00:00,T,388.58,3.0,T,388.53,8.0,['R'],B,388.55499999999995
SPY,2023-01-09 09:00:33.863529+00:00,P,388.58,3.0,P,388.53,5.0,['R'],B,388.55499999999995
SPY,2023-01-09 09:00:33.925943+00:00,K,388.58,3.0,P,388.54,3.0,['R'],B,388.56
SPY,2023-01-09 09:00:33.926188+00:00,T,388.58,3.0,P,388.54,3.0,['R'],B,388.56
SPY,2023-01-09 09:00:33.926258+00:00,P,388.58,3.0,P,388.54,3.0,['R'],B,388.56
SPY,2023-01-09 09:00:34.039202+00:00,K,388.58,3.0,K,388.54,3.0,['R'],B,388.56
SPY,2023-01-09 09:00:34.039412+00:00,T,388.58,3.0,T,388.54,3.0,['R'],B,388.56
SPY,2023-01-09 09:00:34.039478+00:00,T,388.59,4.0,P,388.54,3.0,['R'],B,388.565
SPY,2023-01-09 09:00:34.039608+00:00,T,388.59,3.0,P,388.54,3.0,['R'],B,388.565
SPY,2023-01-09 09:00:34.039633+00:00,K,388.6,3.0,P,388.54,3.0,['R'],B,388.57000000000005
SPY,2023-01-09 09:00:34.157969+00:00,K,388.6,3.0,K,388.54,3.0,['R'],B,388.57000000000005
SPY,2023-01-09 09:00:34.158054+00:00,K,388.6,4.0,T,388.54,3.0,['R'],B,388.57000000000005
SPY,2023-01-09 09:00:34.158215+00:00,K,388.59,3.0,T,388.54,3.0,['R'],B,388.565
SPY,2023-01-09 09:00:34.158280+00:00,K,388.59,3.0,P,388.54,3.0,['R'],B,388.565
SPY,2023-01-09 09:00:35.138534+00:00,K,388.6,4.0,P,388.54,3.0,['R'],B,388.57000000000005
SPY,2023-01-09 09:00:35.626659+00:00,K,388.59,3.0,P,388.54,3.0,['R'],B,388.565
SPY,2023-01-09 09:00:35.637666+00:00,K,388.59,3.0,K,388.54,3.0,['R'],B,388.565
SPY,2023-01-09 09:00:38.459027+00:00,P,388.59,8.0,K,388.54,3.0,['R'],B,388.565
SPY,2023-01-09 09:00:38.459052+00:00,P,388.59,8.0,P,388.54,3.0,['R'],B,388.565
SPY,2023-01-09 09:00:38.589918+00:00,T,388.59,8.0,K,388.54,3.0,['R'],B,388.565
SPY,2023-01-09 09:00:38.589948+00:00,T,388.59,8.0,P,388.55,3.0,['R'],B,388.57
SPY,2023-01-09 09:00:38.590173+00:00,K,388.59,3.0,P,388.55,3.0,['R'],B,388.57
SPY,2023-01-09 09:00:42.445320+00:00,T,388.59,3.0,P,388.55,3.0,['R'],B,388.57
SPY,2023-01-09 09:00:42.445371+00:00,P,388.6,4.0,P,388.55,3.0,['R'],B,388.57500000000005
SPY,2023-01-09 09:00:42.445385+00:00,P,388.6,3.0,P,388.55,3.0,['R'],B,388.57500000000005
SPY,2023-01-09 09:00:42.445421+00:00,K,388.6,1.0,P,388.55,3.0,['R'],B,388.57500000000005
SPY,2023-01-09 09:00:42.445656+00:00,T,388.6,1.0,P,388.55,3.0,['R'],B,388.57500000000005
SPY,2023-01-09 09:00:42.445706+00:00,P,388.61,3.0,P,388.55,3.0,['R'],B,388.58000000000004
SPY,2023-01-09 09:00:42.446092+00:00,P,388.61,4.0,P,388.55,3.0,['R'],B,388.58000000000004
SPY,2023-01-09 09:00:42.460476+00:00,P,388.6,3.0,P,388.55,3.0,['R'],B,388.57500000000005
SPY,2023-01-09 09:00:43.604357+00:00,P,388.6,3.0,P,388.57,5.0,['R'],B,388.58500000000004
SPY,2023-01-09 09:00:43.604362+00:00,P,388.6,3.0,P,388.57,13.0,['R'],B,388.58500000000004
SPY,2023-01-09 09:00:43.606457+00:00,P,388.6,3.0,P,388.57,8.0,['R'],B,388.58500000000004
SPY,2023-01-09 09:00:43.606472+00:00,P,388.6,3.0,K,388.57,5.0,['R'],B,388.58500000000004
SPY,2023-01-09 09:00:43.606708+00:00,P,388.6,3.0,T,388.57,5.0,['R'],B,388.58500000000004
SPY,2023-01-09 09:00:43.606793+00:00,P,388.6,3.0,T,388.56,3.0,['R'],B,388.58000000000004
SPY,2023-01-09 09:00:43.606863+00:00,P,388.6,3.0,P,388.55,3.0,['R'],B,388.57500000000005
SPY,2023-01-09 09:00:43.644322+00:00,P,388.6,3.0,P,388.55,8.0,['R'],B,388.57500000000005
SPY,2023-01-09 09:00:43.929179+00:00,P,388.61,4.0,P,388.55,8.0,['R'],B,388.58000000000004
SPY,2023-01-09 09:00:43.929455+00:00,P,388.61,4.0,K,388.56,3.0,['R'],B,388.58500000000004
SPY,2023-01-09 09:00:44.793532+00:00,T,388.61,3.0,K,388.56,3.0,['R'],B,388.58500000000004
SPY,2023-01-09 09:00:44.793652+00:00,P,388.61,3.0,K,388.56,3.0,['R'],B,388.58500000000004
SPY,2023-01-09 09:00:45.929247+00:00,T,388.61,3.0,K,388.56,3.0,['R'],B,388.58500000000004
SPY,2023-01-09 09:00:45.929553+00:00,T,388.62,3.0,K,388.56,3.0,['R'],B,388.59000000000003
SPY,2023-01-09 09:00:45.929553+00:00,T,388.62,4.0,K,388.56,3.0,['R'],B,388.59000000000003
SPY,2023-01-09 09:00:45.929578+00:00,T,388.63,3.0,K,388.56,3.0,['R'],B,388.595
SPY,2023-01-09 09:00:45.929583+00:00,K,388.64,3.0,K,388.56,3.0,['R'],B,388.6
SPY,2023-01-09 09:00:45.929784+00:00,K,388.64,3.0,P,388.58,13.0,['R'],B,388.61
SPY,2023-01-09 09:00:45.929784+00:00,K,388.64,3.0,P,388.58,8.0,['R'],B,388.61
SPY,2023-01-09 09:00:45.941356+00:00,K,388.64,3.0,P,388.58,18.0,['R'],B,388.61
SPY,2023-01-09 09:00:46.882227+00:00,K,388.64,3.0,K,388.58,10.0,['R'],B,388.61
SPY,2023-01-09 09:00:46.882508+00:00,K,388.64,3.0,T,388.58,10.0,['R'],B,388.61
SPY,2023-01-09 09:00:46.882548+00:00,K,388.64,3.0,P,388.58,5.0,['R'],B,388.61
SPY,2023-01-09 09:00:46.882673+00:00,K,388.64,3.0,K,388.58,5.0,['R'],B,388.61
SPY,2023-01-09 09:00:46.882698+00:00,K,388.64,3.0,T,388.58,5.0,['R'],B,388.61
SPY,2023-01-09 09:00:46.882949+00:00,K,388.64,3.0,P,388.57,16.0,['R'],B,388.605
SPY,2023-01-09 09:00:46.950981+00:00,K,388.64,3.0,P,388.58,3.0,['R'],B,388.61
SPY,2023-01-09 09:00:47.267117+00:00,K,388.64,3.0,P,388.59,8.0,['R'],B,388.615
SPY,2023-01-09 09:00:47.267122+00:00,K,388.64,3.0,P,388.59,13.0,['R'],B,388.615
SPY,2023-01-09 09:00:47.267242+00:00,K,388.64,3.0,P,388.59,16.0,['R'],B,388.615
SPY,2023-01-09 09:00:47.267242+00:00,K,388.64,3.0,P,388.6,3.0,['R'],B,388.62
SPY,2023-01-09 09:00:48.125312+00:00,K,388.64,3.0,T,388.6,3.0,['R'],B,388.62
SPY,2023-01-09 09:00:48.125688+00:00,K,388.64,3.0,K,388.59,3.0,['R'],B,388.615
SPY,2023-01-09 09:00:48.126845+00:00,T,388.64,3.0,T,388.59,3.0,['R'],B,388.615
SPY,2023-01-09 09:00:48.126920+00:00,P,388.64,3.0,K,388.58,3.0,['R'],B,388.61
SPY,2023-01-09 09:00:48.276832+00:00,P,388.64,3.0,P,388.57,16.0,['R'],B,388.605
SPY,2023-01-09 09:00:48.345615+00:00,T,388.64,3.0,P,388.57,8.0,['R'],B,388.605
SPY,2023-01-09 09:00:48.345620+00:00,T,388.64,3.0,T,388.57,5.0,['R'],B,388.605
SPY,2023-01-09 09:00:48.345941+00:00,P,388.64,3.0,K,388.55,8.0,['R'],B,388.595
SPY,2023-01-09 09:00:48.346081+00:00,K,388.64,3.0,K,388.55,8.0,['R'],B,388.595
SPY,2023-01-09 09:00:48.346101+00:00,T,388.64,3.0,T,388.55,5.0,['R'],B,388.595
SPY,2023-01-09 09:00:48.346357+00:00,P,388.64,3.0,P,388.54,13.0,['R'],B,388.59000000000003
SPY,2023-01-09 09:00:48.357538+00:00,P,388.64,8.0,P,388.54,13.0,['R'],B,388.59000000000003
SPY,2023-01-09 09:00:48.642491+00:00,K,388.64,8.0,P,388.55,3.0,['R'],B,388.595
SPY,2023-01-09 09:00:48.642741+00:00,T,388.64,8.0,P,388.55,3.0,['R'],B,388.595
SPY,2023-01-09 09:00:48.642801+00:00,P,388.64,8.0,P,388.55,3.0,['R'],B,388.595
SPY,2023-01-09 09:00:48.642822+00:00,K,388.64,8.0,K,388.55,3.0,['R'],B,388.595
SPY,2023-01-09 09:00:48.642842+00:00,T,388.64,8.0,T,388.55,3.0,['R'],B,388.595
SPY,2023-01-09 09:00:48.642852+00:00,T,388.64,8.0,K,388.56,3.0,['R'],B,388.6
SPY,2023-01-09 09:00:48.643097+00:00,P,388.64,3.0,K,388.56,3.0,['R'],B,388.6
SPY,2023-01-09 09:00:48.653507+00:00,K,388.64,3.0,K,388.56,3.0,['R'],B,388.6
SPY,2023-01-09 09:00:49.668675+00:00,P,388.63,5.0,K,388.56,3.0,['R'],B,388.595
SPY,2023-01-09 09:00:49.668700+00:00,P,388.63,5.0,T,388.56,3.0,['R'],B,388.595
SPY,2023-01-09 09:00:49.668735+00:00,P,388.63,6.0,T,388.56,3.0,['R'],B,388.595
SPY,2023-01-09 09:00:49.668945+00:00,P,388.63,6.0,P,388.56,3.0,['R'],B,388.595
SPY,2023-01-09 09:00:49.692772+00:00,P,388.62,5.0,K,388.56,3.0,['R'],B,388.59000000000003
SPY,2023-01-09 09:00:49.692792+00:00,P,388.62,5.0,P,388.56,3.0,['R'],B,388.59000000000003
SPY,2023-01-09 09:00:50.304882+00:00,T,388.62,5.0,K,388.56,3.0,['R'],B,388.59000000000003
SPY,2023-01-09 09:00:50.305103+00:00,K,388.63,9.0,K,388.56,3.0,['R'],B,388.595
SPY,2023-01-09 09:00:50.306601+00:00,T,388.63,9.0,P,388.56,3.0,['R'],B,388.595
SPY,2023-01-09 09:00:50.306872+00:00,P,388.63,4.0,P,388.56,3.0,['R'],B,388.595
SPY,2023-01-09 09:00:50.401191+00:00,P,388.63,4.0,T,388.56,8.0,['R'],B,388.595
SPY,2023-01-09 09:00:50.401376+00:00,P,388.63,4.0,T,388.57,3.0,['R'],B,388.6
SPY,2023-01-09 09:00:50.574879+00:00,K,388.63,4.0,T,388.57,3.0,['R'],B,388.6
SPY,2023-01-09 09:00:50.574904+00:00,T,388.63,4.0,T,388.57,3.0,['R'],B,388.6
SPY,2023-01-09 09:00:51.662654+00:00,P,388.62,3.0,T,388.57,3.0,['R'],B,388.595
SPY,2023-01-09 09:00:51.662960+00:00,P,388.62,3.0,P,388.57,3.0,['R'],B,388.595
SPY,2023-01-09 09:00:51.878878+00:00,K,388.62,3.0,K,388.57,3.0,['R'],B,388.595
SPY,2023-01-09 09:00:51.879249+00:00,P,388.63,4.0,P,388.57,3.0,['R'],B,388.6
SPY,2023-01-09 09:00:51.889664+00:00,P,388.62,3.0,T,388.57,3.0,['R'],B,388.595
SPY,2023-01-09 09:00:51.889979+00:00,P,388.62,3.0,P,388.57,3.0,['R'],B,388.595
SPY,2023-01-09 09:00:53.144987+00:00,K,388.62,3.0,K,388.57,3.0,['R'],B,388.595
SPY,2023-01-09 09:00:55.610257+00:00,K,388.62,3.0,T,388.57,3.0,['R'],B,388.595
SPY,2023-01-09 09:00:55.610307+00:00,K,388.62,3.0,T,388.56,11.0,['R'],B,388.59000000000003
SPY,2023-01-09 09:00:55.610363+00:00,K,388.62,3.0,T,388.56,8.0,['R'],B,388.59000000000003
SPY,2023-01-09 09:00:55.974188+00:00,P,388.62,7.0,T,388.56,8.0,['R'],B,388.59000000000003
SPY,2023-01-09 09:00:55.974202+00:00,P,388.62,15.0,T,388.56,8.0,['R'],B,388.59000000000003
SPY,2023-01-09 09:00:55.974348+00:00,P,388.61,3.0,T,388.56,8.0,['R'],B,388.58500000000004
SPY,2023-01-09 09:00:55.974403+00:00,P,388.61,3.0,T,388.56,3.0,['R'],B,388.58500000000004
SPY,2023-01-09 09:00:55.974408+00:00,P,388.61,3.0,P,388.55,8.0,['R'],B,388.58000000000004
SPY,2023-01-09 09:00:55.974443+00:00,P,388.61,4.0,K,388.55,8.0,['R'],B,388.58000000000004
SPY,2023-01-09 09:00:55.974483+00:00,P,388.61,4.0,T,388.55,8.0,['R'],B,388.58000000000004
SPY,2023-01-09 09:00:55.974794+00:00,P,388.61,4.0,P,388.55,3.0,['R'],B,388.58000000000004
SPY,2023-01-09 09:00:56.618428+00:00,T,388.61,4.0,P,388.56,3.0,['R'],B,388.58500000000004
SPY,2023-01-09 09:00:56.618704+00:00,P,388.61,4.0,P,388.56,3.0,['R'],B,388.58500000000004
SPY,2023-01-09 09:00:56.618834+00:00,T,388.61,4.0,P,388.56,3.0,['R'],B,388.58500000000004
SPY,2023-01-09 09:00:56.619105+00:00,P,388.61,1.0,P,388.56,3.0,['R'],B,388.58500000000004
SPY,2023-01-09 09:00:57.200271+00:00,T,388.61,1.0,P,388.56,3.0,['R'],B,388.58500000000004
SPY,2023-01-09 09:00:57.200772+00:00,K,388.62,3.0,P,388.56,3.0,['R'],B,388.59000000000003
SPY,2023-01-09 09:00:57.212024+00:00,K,388.62,3.0,P,388.56,8.0,['R'],B,388.59000000000003
SPY,2023-01-09 09:00:57.395631+00:00,K,388.62,3.0,K,388.56,8.0,['R'],B,388.59000000000003
SPY,2023-01-09 09:00:57.648983+00:00,K,388.62,3.0,P,388.57,3.0,['R'],B,388.595
SPY,2023-01-09 09:00:57.649198+00:00,T,388.62,3.0,P,388.57,3.0,['R'],B,388.595
SPY,2023-01-09 09:00:58.306334+00:00,T,388.62,3.0,K,388.57,3.0,['R'],B,388.595
SPY,2023-01-09 09:00:58.306575+00:00,T,388.62,3.0,P,388.57,3.0,['R'],B,388.595
SPY,2023-01-09 09:00:58.306640+00:00,T,388.62,1.0,P,388.57,3.0,['R'],B,388.595
SPY,2023-01-09 09:00:58.306766+00:00,K,388.63,4.0,P,388.57,3.0,['R'],B,388.6
SPY,2023-01-09 09:00:58.534812+00:00,K,388.63,3.0,P,388.57,3.0,['R'],B,388.6
SPY,2023-01-09 09:00:58.534812+00:00,K,388.63,3.0,P,388.58,8.0,['R'],B,388.605
SPY,2023-01-09 09:00:58.534817+00:00,K,388.63,3.0,P,388.58,13.0,['R'],B,388.605
SPY,2023-01-09 09:00:58.534893+00:00,K,388.64,6.0,P,388.58,13.0,['R'],B,388.61
SPY,2023-01-09 09:00:58.534903+00:00,P,388.64,4.0,P,388.58,13.0,['R'],B,388.61
SPY,2023-01-09 09:00:58.535348+00:00,P,388.64,4.0,P,388.58,16.0,['R'],B,388.61
SPY,2023-01-09 09:00:58.535354+00:00,P,388.64,4.0,P,388.59,3.0,['R'],B,388.615
SPY,2023-01-09 09:00:58.536351+00:00,K,388.64,3.0,K,388.59,3.0,['R'],B,388.615
SPY,2023-01-09 09:00:58.634093+00:00,K,388.64,3.0,P,388.59,8.0,['R'],B,388.615
SPY,2023-01-09 09:00:58.634098+00:00,K,388.64,3.0,P,388.59,16.0,['R'],B,388.615
SPY,2023-01-09 09:00:58.634334+00:00,T,388.65,4.0,P,388.59,16.0,['R'],B,388.62
SPY,2023-01-09 09:00:58.634364+00:00,T,388.65,4.0,P,388.6,3.0,['R'],B,388.625
SPY,2023-01-09 09:00:58.634409+00:00,T,388.65,3.0,P,388.6,3.0,['R'],B,388.625
SPY,2023-01-09 09:00:58.645355+00:00,T,388.65,3.0,P,388.6,8.0,['R'],B,388.625
SPY,2023-01-09 09:00:58.699017+00:00,T,388.65,3.0,P,388.61,3.0,['R'],B,388.63
SPY,2023-01-09 09:00:58.699960+00:00,P,388.69,14.0,P,388.61,3.0,['R'],B,388.65
SPY,2023-01-09 09:00:58.703438+00:00,P,388.68,3.0,K,388.61,3.0,['R'],B,388.645
SPY,2023-01-09 09:00:58.703438+00:00,P,388.69,17.0,K,388.61,3.0,['R'],B,388.65
SPY,2023-01-09 09:00:58.703648+00:00,P,388.68,3.0,T,388.61,3.0,['R'],B,388.645
SPY,2023-01-09 09:00:58.703724+00:00,P,388.68,3.0,P,388.61,3.0,['R'],B,388.645
SPY,2023-01-09 09:00:58.887991+00:00,K,388.68,4.0,P,388.61,3.0,['R'],B,388.645
SPY,2023-01-09 09:00:59.190149+00:00,K,388.68,4.0,K,388.61,3.0,['R'],B,388.645
SPY,2023-01-09 09:00:59.190510+00:00,T,388.67,3.0,K,388.61,3.0,['R'],B,388.64
SPY,2023-01-09 09:00:59.216743+00:00,P,388.67,5.0,K,388.61,3.0,['R'],B,388.64
SPY,2023-01-09 09:00:59.216748+00:00,P,388.67,13.0,K,388.61,3.0,['R'],B,388.64
SPY,2023-01-09 09:00:59.216813+00:00,P,388.67,14.0,K,388.61,3.0,['R'],B,388.64
SPY,2023-01-09 09:00:59.217154+00:00,K,388.66,3.0,K,388.61,3.0,['R'],B,388.635
SPY,2023-01-09 09:00:59.217269+00:00,K,388.66,4.0,K,388.61,3.0,['R'],B,388.635
SPY,2023-01-09 09:00:59.218697+00:00,T,388.66,4.0,P,388.6,3.0,['R'],B,388.63
SPY,2023-01-09 09:00:59.218978+00:00,T,388.66,4.0,T,388.6,3.0,['R'],B,388.63
SPY,2023-01-09 09:00:59.276630+00:00,K,388.65,3.0,T,388.6,3.0,['R'],B,388.625
SPY,2023-01-09 09:00:59.276700+00:00,K,388.65,3.0,P,388.6,3.0,['R'],B,388.625
SPY,2023-01-09 09:01:00.868194+00:00,K,388.65,3.0,P,388.6,13.0,['R'],B,388.625
SPY,2023-01-09 09:01:01.452126+00:00,K,388.65,3.0,P,388.61,3.0,['R'],B,388.63
SPY,2023-01-09 09:01:01.878049+00:00,K,388.66,7.0,P,388.61,3.0,['R'],B,388.635
SPY,2023-01-09 09:01:01.878164+00:00,T,388.66,4.0,P,388.61,3.0,['R'],B,388.635
SPY,2023-01-09 09:01:01.888559+00:00,K,388.66,4.0,P,388.61,3.0,['R'],B,388.635
SPY,2023-01-09 09:01:02.012749+00:00,T,388.66,4.0,P,388.61,3.0,['R'],B,388.635
SPY,2023-01-09 09:01:02.012999+00:00,K,388.66,4.0,P,388.61,3.0,['R'],B,388.635
SPY,2023-01-09 09:01:02.725905+00:00,K,388.65,3.0,P,388.61,3.0,['R'],B,388.63
SPY,2023-01-09 09:01:04.279762+00:00,K,388.66,7.0,P,388.61,3.0,['R'],B,388.635
SPY,2023-01-09 09:01:04.279893+00:00,T,388.66,4.0,P,388.61,3.0,['R'],B,388.635
SPY,2023-01-09 09:01:04.289906+00:00,K,388.66,4.0,P,388.61,3.0,['R'],B,388.635
SPY,2023-01-09 09:01:05.005874+00:00,K,388.65,3.0,P,388.61,3.0,['R'],B,388.63
SPY,2023-01-09 09:01:05.595085+00:00,T,388.65,3.0,P,388.61,3.0,['R'],B,388.63
SPY,2023-01-09 09:01:06.940927+00:00,T,388.65,3.0,P,388.6,13.0,['R'],B,388.625
SPY,2023-01-09 09:01:07.902121+00:00,T,388.65,3.0,P,388.61,3.0,['R'],B,388.63
SPY,2023-01-09 09:01:12.627328+00:00,P,388.65,5.0,P,388.61,3.0,['R'],B,388.63
SPY,2023-01-09 09:01:12.627353+00:00,K,388.65,7.0,P,388.61,3.0,['R'],B,388.63
SPY,2023-01-09 09:01:12.627599+00:00,T,388.65,8.0,P,388.61,3.0,['R'],B,388.63
SPY,2023-01-09 09:01:12.664842+00:00,T,388.65,3.0,P,388.61,3.0,['R'],B,388.63
SPY,2023-01-09 09:01:13.753921+00:00,P,388.64,3.0,P,388.61,3.0,['R'],B,388.625
SPY,2023-01-09 09:01:15.658462+00:00,K,388.64,4.0,P,388.61,3.0,['R'],B,388.625
SPY,2023-01-09 09:01:15.658667+00:00,K,388.63,3.0,P,388.61,3.0,['R'],B,388.62
SPY,2023-01-09 09:01:15.658707+00:00,K,388.63,3.0,P,388.6,10.0,['R'],B,388.615
SPY,2023-01-09 09:01:15.743088+00:00,P,388.62,5.0,P,388.6,10.0,['R'],B,388.61
SPY,2023-01-09 09:01:15.743143+00:00,P,388.62,6.0,P,388.6,10.0,['R'],B,388.61
SPY,2023-01-09 09:01:15.783529+00:00,K,388.62,6.0,P,388.6,10.0,['R'],B,388.61
SPY,2023-01-09 09:01:15.783564+00:00,T,388.62,6.0,P,388.6,10.0,['R'],B,388.61
SPY,2023-01-09 09:01:15.783805+00:00,P,388.62,1.0,P,388.6,10.0,['R'],B,388.61
SPY,2023-01-09 09:01:16.951486+00:00,P,388.62,6.0,P,388.6,10.0,['R'],B,388.61
SPY,2023-01-09 09:01:16.952473+00:00,K,388.62,6.0,P,388.6,10.0,['R'],B,388.61
SPY,2023-01-09 09:01:16.952483+00:00,T,388.62,6.0,P,388.6,10.0,['R'],B,388.61
SPY,2023-01-09 09:01:16.952744+00:00,P,388.62,1.0,P,388.6,10.0,['R'],B,388.61
SPY,2023-01-09 09:01:17.707407+00:00,P,388.62,6.0,P,388.6,10.0,['R'],B,388.61
SPY,2023-01-09 09:01:17.826590+00:00,K,388.62,6.0,P,388.59,3.0,['R'],B,388.605
SPY,2023-01-09 09:01:17.826635+00:00,K,388.62,6.0,T,388.58,3.0,['R'],B,388.6
SPY,2023-01-09 09:01:17.827021+00:00,K,388.62,9.0,T,388.58,3.0,['R'],B,388.6
SPY,2023-01-09 09:01:17.827046+00:00,K,388.62,9.0,K,388.56,3.0,['R'],B,388.59000000000003
SPY,2023-01-09 09:01:19.007242+00:00,T,388.62,6.0,P,388.56,3.0,['R'],B,388.59000000000003
SPY,2023-01-09 09:01:19.007472+00:00,T,388.62,6.0,K,388.56,3.0,['R'],B,388.59000000000003
SPY,2023-01-09 09:01:19.007472+00:00,T,388.62,6.0,P,388.56,3.0,['R'],B,388.59000000000003
SPY,2023-01-09 09:01:19.007743+00:00,P,388.62,1.0,P,388.56,3.0,['R'],B,388.59000000000003
SPY,2023-01-09 09:01:19.017516+00:00,K,388.62,1.0,P,388.56,8.0,['R'],B,388.59000000000003
SPY,2023-01-09 09:01:19.017541+00:00,T,388.62,1.0,P,388.56,8.0,['R'],B,388.59000000000003
SPY,2023-01-09 09:01:19.017787+00:00,P,388.62,1.0,P,388.56,8.0,['R'],B,388.59000000000003
SPY,2023-01-09 09:01:20.640308+00:00,K,388.62,1.0,K,388.56,8.0,['R'],B,388.59000000000003
SPY,2023-01-09 09:01:20.640343+00:00,T,388.62,1.0,P,388.56,3.0,['R'],B,388.59000000000003
SPY,2023-01-09 09:01:20.641360+00:00,P,388.62,1.0,P,388.56,3.0,['R'],B,388.59000000000003
SPY,2023-01-09 09:01:20.650753+00:00,P,388.62,1.0,K,388.56,8.0,['R'],B,388.59000000000003
SPY,2023-01-09 09:01:20.650943+00:00,T,388.62,1.0,K,388.56,8.0,['R'],B,388.59000000000003
SPY,2023-01-09 09:01:22.356206+00:00,P,388.61,3.0,K,388.56,8.0,['R'],B,388.58500000000004
SPY,2023-01-09 09:01:22.356427+00:00,P,388.61,3.0,P,388.56,8.0,['R'],B,388.58500000000004
SPY,2023-01-09 09:01:22.408165+00:00,K,388.61,3.0,K,388.56,8.0,['R'],B,388.58500000000004
SPY,2023-01-09 09:01:22.408365+00:00,K,388.61,3.0,P,388.57,3.0,['R'],B,388.59000000000003
SPY,2023-01-09 09:01:22.408410+00:00,T,388.61,3.0,P,388.57,3.0,['R'],B,388.59000000000003
SPY,2023-01-09 09:01:22.408471+00:00,P,388.62,4.0,P,388.57,3.0,['R'],B,388.595
SPY,2023-01-09 09:01:23.342275+00:00,K,388.62,4.0,K,388.57,3.0,['R'],B,388.595
SPY,2023-01-09 09:01:23.342842+00:00,T,388.61,3.0,K,388.57,3.0,['R'],B,388.59000000000003
SPY,2023-01-09 09:01:24.628357+00:00,K,388.62,4.0,K,388.57,3.0,['R'],B,388.595
SPY,2023-01-09 09:01:26.900006+00:00,T,388.62,4.0,K,388.57,1.0,['R'],B,388.595
SPY,2023-01-09 09:01:28.671226+00:00,T,388.62,4.0,P,388.57,3.0,['R'],B,388.595
SPY,2023-01-09 09:01:28.671446+00:00,K,388.62,3.0,P,388.57,3.0,['R'],B,388.595
SPY,2023-01-09 09:01:28.671461+00:00,T,388.62,3.0,P,388.57,3.0,['R'],B,388.595
SPY,2023-01-09 09:01:28.671476+00:00,K,388.63,3.0,P,388.57,3.0,['R'],B,388.6
SPY,2023-01-09 09:01:28.671476+00:00,T,388.63,6.0,P,388.57,3.0,['R'],B,388.6
SPY,2023-01-09 09:01:28.675295+00:00,K,388.63,3.0,P,388.58,5.0,['R'],B,388.605
SPY,2023-01-09 09:01:28.675300+00:00,K,388.63,3.0,P,388.59,8.0,['R'],B,388.61
SPY,2023-01-09 09:01:28.675561+00:00,T,388.63,3.0,P,388.59,8.0,['R'],B,388.61
SPY,2023-01-09 09:01:28.675616+00:00,K,388.63,3.0,P,388.59,8.0,['R'],B,388.61
SPY,2023-01-09 09:01:28.683956+00:00,T,388.63,3.0,P,388.59,8.0,['R'],B,388.61
SPY,2023-01-09 09:01:28.684196+00:00,K,388.63,3.0,P,388.59,8.0,['R'],B,388.61
SPY,2023-01-09 09:01:28.741412+00:00,T,388.63,3.0,P,388.59,8.0,['R'],B,388.61
SPY,2023-01-09 09:01:28.741498+00:00,K,388.63,3.0,P,388.59,8.0,['R'],B,388.61
SPY,2023-01-09 09:01:28.903513+00:00,K,388.63,3.0,P,388.62,1.0,['R'],B,388.625
SPY,2023-01-09 09:01:32.251816+00:00,K,388.63,3.0,P,388.62,9.0,['R'],B,388.625
SPY,2023-01-09 09:01:32.251821+00:00,K,388.63,3.0,P,388.62,14.0,['R'],B,388.625
SPY,2023-01-09 09:01:32.251821+00:00,K,388.63,3.0,P,388.62,17.0,['R'],B,388.625
SPY,2023-01-09 09:01:32.251826+00:00,K,388.63,3.0,P,388.62,20.0,['R'],B,388.625
SPY,2023-01-09 09:01:32.252127+00:00,P,388.65,5.0,P,388.62,20.0,['R'],B,388.635
SPY,2023-01-09 09:01:32.252217+00:00,T,388.65,5.0,P,388.63,3.0,['R'],B,388.64
SPY,2023-01-09 09:01:32.252784+00:00,P,388.66,1.0,P,388.63,3.0,['R'],B,388.645
SPY,2023-01-09 09:01:32.278354+00:00,P,388.66,1.0,P,388.64,13.0,['R'],B,388.65
SPY,2023-01-09 09:01:32.278354+00:00,P,388.66,1.0,P,388.64,5.0,['R'],B,388.65
SPY,2023-01-09 09:01:32.290964+00:00,P,388.66,1.0,P,388.64,8.0,['R'],B,388.65
SPY,2023-01-09 09:01:32.290969+00:00,P,388.66,1.0,K,388.64,5.0,['R'],B,388.65
SPY,2023-01-09 09:01:32.290994+00:00,P,388.66,1.0,T,388.64,5.0,['R'],B,388.65
SPY,2023-01-09 09:01:32.291245+00:00,P,388.66,1.0,P,388.63,8.0,['R'],B,388.645
SPY,2023-01-09 09:01:32.355016+00:00,P,388.66,1.0,K,388.63,8.0,['R'],B,388.645
SPY,2023-01-09 09:01:32.355026+00:00,P,388.66,1.0,T,388.63,8.0,['R'],B,388.645
SPY,2023-01-09 09:01:32.355287+00:00,P,388.66,1.0,P,388.63,3.0,['R'],B,388.645
SPY,2023-01-09 09:01:32.367000+00:00,P,388.66,1.0,P,388.63,8.0,['R'],B,388.645
SPY,2023-01-09 09:01:32.431894+00:00,P,388.66,1.0,K,388.63,8.0,['R'],B,388.645
SPY,2023-01-09 09:01:32.431899+00:00,P,388.66,1.0,T,388.63,8.0,['R'],B,388.645
SPY,2023-01-09 09:01:32.432160+00:00,P,388.66,1.0,P,388.63,3.0,['R'],B,388.645
SPY,2023-01-09 09:01:33.067360+00:00,P,388.66,1.0,T,388.63,3.0,['R'],B,388.645
SPY,2023-01-09 09:01:33.067700+00:00,P,388.66,1.0,P,388.62,17.0,['R'],B,388.64
SPY,2023-01-09 09:01:33.285052+00:00,P,388.66,1.0,P,388.63,3.0,['R'],B,388.645
SPY,2023-01-09 09:01:39.582826+00:00,P,388.66,4.0,T,388.63,3.0,['R'],B,388.645
SPY,2023-01-09 09:01:39.582836+00:00,P,388.65,3.0,T,388.63,3.0,['R'],B,388.64
SPY,2023-01-09 09:01:39.582896+00:00,P,388.65,6.0,T,388.63,3.0,['R'],B,388.64
SPY,2023-01-09 09:01:39.582912+00:00,P,388.65,3.0,T,388.63,3.0,['R'],B,388.64
SPY,2023-01-09 09:01:39.583117+00:00,P,388.65,3.0,K,388.63,3.0,['R'],B,388.64
SPY,2023-01-09 09:01:39.583157+00:00,P,388.65,3.0,P,388.62,1.0,['R'],B,388.635
SPY,2023-01-09 09:01:41.347430+00:00,P,388.65,3.0,T,388.61,5.0,['R'],B,388.63
SPY,2023-01-09 09:01:41.347570+00:00,P,388.65,3.0,K,388.59,3.0,['R'],B,388.62
SPY,2023-01-09 09:01:43.418122+00:00,P,388.65,3.0,T,388.59,3.0,['R'],B,388.62
SPY,2023-01-09 09:01:43.418197+00:00,P,388.65,3.0,P,388.58,5.0,['R'],B,388.615
SPY,2023-01-09 09:01:43.418332+00:00,P,388.64,5.0,K,388.58,5.0,['R'],B,388.61
SPY,2023-01-09 09:01:43.418348+00:00,P,388.64,13.0,K,388.58,5.0,['R'],B,388.61
SPY,2023-01-09 09:01:43.418413+00:00,P,388.64,14.0,K,388.58,5.0,['R'],B,388.61
SPY,2023-01-09 09:01:43.418443+00:00,P,388.64,14.0,T,388.58,5.0,['R'],B,388.61
SPY,2023-01-09 09:01:43.418688+00:00,P,388.64,14.0,P,388.57,13.0,['R'],B,388.605
SPY,2023-01-09 09:01:43.418824+00:00,T,388.64,6.0,P,388.57,13.0,['R'],B,388.605
SPY,2023-01-09 09:01:43.419039+00:00,P,388.63,3.0,P,388.57,13.0,['R'],B,388.6
SPY,2023-01-09 09:01:44.333142+00:00,T,388.63,3.0,P,388.57,16.0,['R'],B,388.6
SPY,2023-01-09 09:01:44.333142+00:00,T,388.63,3.0,P,388.58,3.0,['R'],B,388.605
SPY,2023-01-09 09:01:44.333452+00:00,P,388.63,3.0,P,388.58,3.0,['R'],B,388.605
SPY,2023-01-09 09:01:44.343762+00:00,T,388.63,3.0,P,388.58,8.0,['R'],B,388.605
SPY,2023-01-09 09:01:44.344057+00:00,P,388.63,3.0,P,388.58,8.0,['R'],B,388.605
SPY,2023-01-09 09:01:45.407064+00:00,T,388.63,3.0,K,388.58,8.0,['R'],B,388.605
SPY,2023-01-09 09:01:45.407074+00:00,T,388.63,3.0,T,388.58,8.0,['R'],B,388.605
SPY,2023-01-09 09:01:45.407149+00:00,P,388.63,3.0,P,388.58,3.0,['R'],B,388.605
SPY,2023-01-09 09:01:46.635473+00:00,T,388.63,3.0,P,388.58,8.0,['R'],B,388.605
SPY,2023-01-09 09:01:46.635734+00:00,P,388.63,3.0,P,388.58,8.0,['R'],B,388.605
SPY,2023-01-09 09:01:46.705280+00:00,T,388.63,3.0,K,388.58,8.0,['R'],B,388.605
SPY,2023-01-09 09:01:46.705284+00:00,T,388.63,3.0,T,388.58,8.0,['R'],B,388.605
SPY,2023-01-09 09:01:46.705540+00:00,P,388.63,3.0,P,388.58,3.0,['R'],B,388.605
SPY,2023-01-09 09:01:47.951853+00:00,T,388.63,3.0,K,388.58,3.0,['R'],B,388.605
SPY,2023-01-09 09:01:50.522071+00:00,T,388.63,3.0,P,388.6,13.0,['R'],B,388.615
SPY,2023-01-09 09:01:50.522071+00:00,T,388.63,3.0,P,388.6,5.0,['R'],B,388.615
SPY,2023-01-09 09:01:50.522597+00:00,P,388.63,2.0,P,388.6,13.0,['R'],B,388.615
SPY,2023-01-09 09:01:50.581307+00:00,T,388.63,3.0,P,388.6,13.0,['R'],B,388.615
SPY,2023-01-09 09:01:50.585387+00:00,T,388.63,3.0,P,388.6,8.0,['R'],B,388.615
SPY,2023-01-09 09:01:50.585387+00:00,T,388.63,3.0,T,388.6,5.0,['R'],B,388.615
SPY,2023-01-09 09:01:50.585667+00:00,T,388.63,3.0,P,388.59,16.0,['R'],B,388.61
SPY,2023-01-09 09:01:53.509501+00:00,T,388.63,3.0,P,388.6,3.0,['R'],B,388.615
SPY,2023-01-09 09:01:53.509797+00:00,T,388.64,4.0,P,388.6,3.0,['R'],B,388.62
SPY,2023-01-09 09:01:53.509827+00:00,K,388.64,3.0,P,388.6,3.0,['R'],B,388.62
SPY,2023-01-09 09:01:53.509912+00:00,P,388.64,1.0,P,388.6,3.0,['R'],B,388.62
SPY,2023-01-09 09:01:53.938256+00:00,T,388.64,1.0,P,388.6,3.0,['R'],B,388.62
SPY,2023-01-09 09:01:53.938412+00:00,T,388.64,1.0,P,388.63,8.0,['R'],B,388.635
SPY,2023-01-09 09:01:53.938416+00:00,T,388.64,1.0,P,388.63,13.0,['R'],B,388.635
SPY,2023-01-09 09:01:53.938552+00:00,K,388.65,1.0,P,388.63,13.0,['R'],B,388.64
SPY,2023-01-09 09:01:53.938602+00:00,P,388.66,1.0,P,388.63,13.0,['R'],B,388.645
SPY,2023-01-09 09:01:53.938627+00:00,P,388.66,1.0,P,388.63,16.0,['R'],B,388.645
SPY,2023-01-09 09:01:53.940005+00:00,P,388.66,1.0,P,388.63,13.0,['R'],B,388.645
SPY,2023-01-09 09:01:53.942276+00:00,P,388.66,1.0,P,388.63,8.0,['R'],B,388.645
SPY,2023-01-09 09:01:53.942281+00:00,P,388.66,1.0,K,388.63,5.0,['R'],B,388.645
SPY,2023-01-09 09:01:53.942672+00:00,P,388.66,1.0,T,388.63,5.0,['R'],B,388.645
SPY,2023-01-09 09:01:53.942707+00:00,P,388.66,1.0,K,388.62,3.0,['R'],B,388.64
SPY,2023-01-09 09:01:53.942782+00:00,P,388.66,1.0,P,388.6,16.0,['R'],B,388.63
SPY,2023-01-09 09:01:53.978497+00:00,P,388.66,1.0,P,388.6,21.0,['R'],B,388.63
SPY,2023-01-09 09:01:54.441637+00:00,P,388.66,1.0,P,388.62,3.0,['R'],B,388.64
SPY,2023-01-09 09:01:55.137331+00:00,P,388.65,3.0,P,388.62,3.0,['R'],B,388.635
SPY,2023-01-09 09:01:55.137552+00:00,P,388.65,3.0,P,388.61,3.0,['R'],B,388.63
SPY,2023-01-09 09:01:58.099732+00:00,P,388.66,4.0,K,388.61,3.0,['R'],B,388.635
SPY,2023-01-09 09:01:58.099762+00:00,P,388.66,4.0,P,388.61,8.0,['R'],B,388.635
SPY,2023-01-09 09:01:58.099767+00:00,P,388.66,4.0,P,388.61,16.0,['R'],B,388.635
SPY,2023-01-09 09:01:58.406612+00:00,P,388.66,4.0,K,388.61,8.0,['R'],B,388.635
SPY,2023-01-09 09:01:58.406612+00:00,P,388.66,4.0,P,388.61,11.0,['R'],B,388.635
SPY,2023-01-09 09:01:58.406887+00:00,P,388.66,4.0,T,388.61,8.0,['R'],B,388.635
SPY,2023-01-09 09:01:58.406938+00:00,P,388.66,4.0,P,388.61,3.0,['R'],B,388.635
SPY,2023-01-09 09:01:58.468930+00:00,P,388.65,3.0,K,388.61,3.0,['R'],B,388.63
SPY,2023-01-09 09:01:58.772376+00:00,P,388.66,5.0,K,388.61,3.0,['R'],B,388.635
SPY,2023-01-09 09:01:59.885521+00:00,P,388.66,5.0,P,388.61,11.0,['R'],B,388.635
SPY,2023-01-09 09:01:59.885527+00:00,P,388.66,5.0,P,388.61,16.0,['R'],B,388.635
SPY,2023-01-09 09:01:59.885652+00:00,P,388.66,4.0,P,388.61,16.0,['R'],B,388.635
SPY,2023-01-09 09:01:59.885877+00:00,P,388.66,1.0,P,388.61,16.0,['R'],B,388.635
SPY,2023-01-09 09:02:00.058859+00:00,P,388.66,1.0,P,388.64,3.0,['R'],B,388.65
SPY,2023-01-09 09:02:00.072336+00:00,K,388.68,3.0,P,388.64,3.0,['R'],B,388.65999999999997
SPY,2023-01-09 09:02:00.076340+00:00,T,388.68,3.0,P,388.64,3.0,['R'],B,388.65999999999997
SPY,2023-01-09 09:02:00.076576+00:00,K,388.68,3.0,P,388.64,3.0,['R'],B,388.65999999999997
SPY,2023-01-09 09:02:00.115002+00:00,T,388.68,3.0,P,388.64,3.0,['R'],B,388.65999999999997
SPY,2023-01-09 09:02:00.115252+00:00,K,388.68,3.0,P,388.64,3.0,['R'],B,388.65999999999997
SPY,2023-01-09 09:02:01.919025+00:00,K,388.68,3.0,P,388.64,2.0,['R'],B,388.65999999999997
SPY,2023-01-09 09:02:02.619550+00:00,P,388.68,5.0,P,388.64,2.0,['R'],B,388.65999999999997
SPY,2023-01-09 09:02:02.619560+00:00,P,388.68,13.0,P,388.64,2.0,['R'],B,388.65999999999997
SPY,2023-01-09 09:02:02.627990+00:00,T,388.68,8.0,P,388.64,2.0,['R'],B,388.65999999999997
SPY,2023-01-09 09:02:02.628261+00:00,K,388.68,3.0,P,388.64,2.0,['R'],B,388.65999999999997
SPY,2023-01-09 09:02:05.103362+00:00,T,388.68,3.0,P,388.64,2.0,['R'],B,388.65999999999997
SPY,2023-01-09 09:02:05.103603+00:00,P,388.68,3.0,P,388.64,2.0,['R'],B,388.65999999999997
SPY,2023-01-09 09:02:05.115386+00:00,P,388.68,3.0,K,388.64,3.0,['R'],B,388.65999999999997
SPY,2023-01-09 09:02:06.056382+00:00,P,388.68,8.0,K,388.64,3.0,['R'],B,388.65999999999997
SPY,2023-01-09 09:02:06.056388+00:00,P,388.68,16.0,K,388.64,3.0,['R'],B,388.65999999999997
SPY,2023-01-09 09:02:06.058041+00:00,P,388.67,3.0,K,388.64,3.0,['R'],B,388.655
SPY,2023-01-09 09:02:06.058272+00:00,P,388.67,3.0,T,388.62,3.0,['R'],B,388.645
SPY,2023-01-09 09:02:06.058357+00:00,P,388.67,3.0,K,388.62,3.0,['R'],B,388.645
SPY,2023-01-09 09:02:06.095300+00:00,T,388.67,3.0,K,388.62,3.0,['R'],B,388.645
SPY,2023-01-09 09:02:06.199934+00:00,P,388.67,4.0,K,388.62,3.0,['R'],B,388.645
SPY,2023-01-09 09:02:06.567999+00:00,T,388.67,4.0,K,388.62,3.0,['R'],B,388.645
SPY,2023-01-09 09:02:06.568009+00:00,P,388.66,3.0,K,388.62,3.0,['R'],B,388.64
SPY,2023-01-09 09:02:06.568160+00:00,P,388.66,8.0,K,388.62,3.0,['R'],B,388.64
SPY,2023-01-09 09:02:06.568169+00:00,P,388.66,16.0,K,388.62,3.0,['R'],B,388.64
SPY,2023-01-09 09:02:06.568415+00:00,P,388.66,16.0,T,388.62,3.0,['R'],B,388.64
SPY,2023-01-09 09:02:06.568475+00:00,P,388.66,16.0,K,388.62,3.0,['R'],B,388.64
SPY,2023-01-09 09:02:06.568545+00:00,P,388.66,16.0,T,388.62,3.0,['R'],B,388.64
SPY,2023-01-09 09:02:06.569763+00:00,P,388.66,16.0,K,388.62,3.0,['R'],B,388.64
SPY,2023-01-09 09:02:06.572349+00:00,T,388.66,8.0,K,388.62,3.0,['R'],B,388.64
SPY,2023-01-09 09:02:06.572650+00:00,P,388.66,3.0,K,388.62,3.0,['R'],B,388.64
SPY,2023-01-09 09:02:06.604802+00:00,P,388.66,3.0,P,388.6,21.0,['R'],B,388.63
SPY,2023-01-09 09:02:06.830749+00:00,K,388.66,4.0,P,388.6,21.0,['R'],B,388.63
SPY,2023-01-09 09:02:06.830754+00:00,K,388.65,3.0,P,388.6,21.0,['R'],B,388.625
SPY,2023-01-09 09:02:09.750629+00:00,K,388.65,3.0,P,388.61,3.0,['R'],B,388.63
SPY,2023-01-09 09:02:11.073895+00:00,K,388.65,3.0,K,388.61,3.0,['R'],B,388.63
SPY,2023-01-09 09:02:11.074180+00:00,K,388.65,3.0,T,388.61,3.0,['R'],B,388.63
SPY,2023-01-09 09:02:11.074196+00:00,K,388.65,3.0,K,388.6,8.0,['R'],B,388.625
SPY,2023-01-09 09:02:11.074236+00:00,K,388.65,3.0,P,388.6,5.0,['R'],B,388.625
SPY,2023-01-09 09:02:11.074236+00:00,K,388.65,3.0,T,388.6,7.0,['R'],B,388.625
SPY,2023-01-09 09:02:11.074652+00:00,K,388.65,3.0,K,388.6,5.0,['R'],B,388.625
SPY,2023-01-09 09:02:11.074657+00:00,K,388.65,3.0,T,388.6,4.0,['R'],B,388.625
SPY,2023-01-09 09:02:11.074892+00:00,K,388.65,3.0,T,388.59,3.0,['R'],B,388.62
SPY,2023-01-09 09:02:11.074917+00:00,K,388.65,3.0,P,388.58,13.0,['R'],B,388.615
SPY,2023-01-09 09:02:11.076471+00:00,P,388.65,5.0,P,388.58,13.0,['R'],B,388.615
SPY,2023-01-09 09:02:11.076481+00:00,P,388.65,13.0,P,388.58,13.0,['R'],B,388.615
SPY,2023-01-09 09:02:11.076541+00:00,P,388.65,14.0,P,388.58,13.0,['R'],B,388.615
SPY,2023-01-09 09:02:11.079543+00:00,P,388.65,14.0,K,388.58,5.0,['R'],B,388.615
SPY,2023-01-09 09:02:11.079789+00:00,P,388.65,14.0,T,388.58,5.0,['R'],B,388.615
SPY,2023-01-09 09:02:11.079869+00:00,P,388.65,14.0,P,388.57,13.0,['R'],B,388.61
SPY,2023-01-09 09:02:11.084751+00:00,P,388.65,19.0,P,388.57,13.0,['R'],B,388.61
SPY,2023-01-09 09:02:11.138368+00:00,P,388.64,3.0,P,388.57,13.0,['R'],B,388.605
SPY,2023-01-09 09:02:11.138368+00:00,P,388.65,22.0,P,388.57,13.0,['R'],B,388.61
SPY,2023-01-09 09:02:11.138764+00:00,K,388.64,4.0,P,388.57,13.0,['R'],B,388.605
SPY,2023-01-09 09:02:11.141641+00:00,K,388.64,4.0,P,388.57,8.0,['R'],B,388.605
SPY,2023-01-09 09:02:11.141646+00:00,K,388.64,4.0,T,388.57,5.0,['R'],B,388.605
SPY,2023-01-09 09:02:11.141957+00:00,K,388.64,4.0,P,388.56,18.0,['R'],B,388.6
SPY,2023-01-09 09:02:11.142027+00:00,K,388.64,4.0,K,388.56,13.0,['R'],B,388.6
SPY,2023-01-09 09:02:11.142272+00:00,K,388.64,4.0,T,388.56,13.0,['R'],B,388.6
SPY,2023-01-09 09:02:11.142282+00:00,K,388.63,3.0,T,388.56,13.0,['R'],B,388.595
SPY,2023-01-09 09:02:11.142342+00:00,K,388.63,3.0,K,388.56,8.0,['R'],B,388.595
SPY,2023-01-09 09:02:11.142433+00:00,K,388.63,3.0,T,388.56,8.0,['R'],B,388.595
SPY,2023-01-09 09:02:11.142693+00:00,K,388.63,3.0,T,388.56,3.0,['R'],B,388.595
SPY,2023-01-09 09:02:11.142718+00:00,K,388.63,3.0,P,388.55,13.0,['R'],B,388.59000000000003
SPY,2023-01-09 09:02:11.260729+00:00,K,388.63,3.0,P,388.56,3.0,['R'],B,388.595
SPY,2023-01-09 09:02:11.399804+00:00,K,388.63,3.0,P,388.58,13.0,['R'],B,388.605
SPY,2023-01-09 09:02:11.399804+00:00,K,388.63,3.0,P,388.58,5.0,['R'],B,388.605
SPY,2023-01-09 09:02:11.403758+00:00,K,388.63,3.0,K,388.58,5.0,['R'],B,388.605
SPY,2023-01-09 09:02:11.403758+00:00,K,388.63,3.0,P,388.58,8.0,['R'],B,388.605
SPY,2023-01-09 09:02:11.404054+00:00,K,388.63,3.0,T,388.58,5.0,['R'],B,388.605
SPY,2023-01-09 09:02:11.404079+00:00,K,388.63,3.0,K,388.57,3.0,['R'],B,388.6
SPY,2023-01-09 09:02:11.404139+00:00,K,388.63,3.0,P,388.56,3.0,['R'],B,388.595
SPY,2023-01-09 09:02:11.440320+00:00,K,388.63,3.0,P,388.56,8.0,['R'],B,388.595
SPY,2023-01-09 09:02:11.798185+00:00,K,388.63,3.0,K,388.56,8.0,['R'],B,388.595
SPY,2023-01-09 09:02:11.798201+00:00,K,388.63,3.0,T,388.56,8.0,['R'],B,388.595
SPY,2023-01-09 09:02:11.798461+00:00,K,388.63,3.0,P,388.56,3.0,['R'],B,388.595
SPY,2023-01-09 09:02:11.810194+00:00,P,388.62,5.0,K,388.56,3.0,['R'],B,388.59000000000003
SPY,2023-01-09 09:02:11.810224+00:00,P,388.62,5.0,T,388.56,3.0,['R'],B,388.59000000000003
SPY,2023-01-09 09:02:11.810259+00:00,P,388.62,6.0,T,388.56,3.0,['R'],B,388.59000000000003
SPY,2023-01-09 09:02:11.810455+00:00,P,388.62,6.0,P,388.56,3.0,['R'],B,388.59000000000003
SPY,2023-01-09 09:02:11.899837+00:00,P,388.61,3.0,K,388.56,3.0,['R'],B,388.58500000000004
SPY,2023-01-09 09:02:11.900183+00:00,P,388.61,3.0,T,388.56,3.0,['R'],B,388.58500000000004
SPY,2023-01-09 09:02:11.900343+00:00,P,388.61,3.0,P,388.56,3.0,['R'],B,388.58500000000004
SPY,2023-01-09 09:02:14.516165+00:00,K,388.61,3.0,K,388.56,3.0,['R'],B,388.58500000000004
SPY,2023-01-09 09:02:14.516280+00:00,P,388.62,4.0,P,388.56,3.0,['R'],B,388.59000000000003
SPY,2023-01-09 09:02:14.525607+00:00,P,388.62,4.0,P,388.56,8.0,['R'],B,388.59000000000003
SPY,2023-01-09 09:02:14.554341+00:00,P,388.62,4.0,K,388.56,8.0,['R'],B,388.59000000000003
SPY,2023-01-09 09:02:14.554351+00:00,P,388.62,4.0,T,388.56,8.0,['R'],B,388.59000000000003
SPY,2023-01-09 09:02:14.554616+00:00,P,388.62,4.0,P,388.56,3.0,['R'],B,388.59000000000003
SPY,2023-01-09 09:02:14.554636+00:00,P,388.61,3.0,K,388.56,3.0,['R'],B,388.58500000000004
SPY,2023-01-09 09:02:14.554877+00:00,P,388.61,3.0,T,388.56,3.0,['R'],B,388.58500000000004
SPY,2023-01-09 09:02:14.554947+00:00,P,388.61,3.0,P,388.56,3.0,['R'],B,388.58500000000004
SPY,2023-01-09 09:02:14.629349+00:00,K,388.61,3.0,P,388.56,8.0,['R'],B,388.58500000000004
SPY,2023-01-09 09:02:14.629394+00:00,P,388.61,3.0,P,388.56,8.0,['R'],B,388.58500000000004
SPY,2023-01-09 09:02:14.885027+00:00,K,388.61,3.0,K,388.56,8.0,['R'],B,388.58500000000004
SPY,2023-01-09 09:02:14.885047+00:00,P,388.61,3.0,T,388.56,8.0,['R'],B,388.58500000000004
SPY,2023-01-09 09:02:14.885297+00:00,P,388.61,3.0,P,388.56,3.0,['R'],B,388.58500000000004
SPY,2023-01-09 09:02:16.145528+00:00,K,388.61,3.0,P,388.56,8.0,['R'],B,388.58500000000004
SPY,2023-01-09 09:02:16.145568+00:00,T,388.61,3.0,P,388.56,8.0,['R'],B,388.58500000000004
SPY,2023-01-09 09:02:16.145794+00:00,P,388.61,3.0,P,388.56,8.0,['R'],B,388.58500000000004
SPY,2023-01-09 09:02:17.378413+00:00,K,388.61,3.0,P,388.57,3.0,['R'],B,388.59000000000003
SPY,2023-01-09 09:02:17.378614+00:00,K,388.61,3.0,P,388.58,8.0,['R'],B,388.595
SPY,2023-01-09 09:02:17.378619+00:00,K,388.61,3.0,P,388.58,13.0,['R'],B,388.595
SPY,2023-01-09 09:02:17.378679+00:00,T,388.61,3.0,P,388.58,13.0,['R'],B,388.595
SPY,2023-01-09 09:02:17.378724+00:00,P,388.61,3.0,P,388.58,13.0,['R'],B,388.595
SPY,2023-01-09 09:02:17.382663+00:00,K,388.61,3.0,K,388.58,5.0,['R'],B,388.595
SPY,2023-01-09 09:02:17.382693+00:00,T,388.61,3.0,T,388.58,5.0,['R'],B,388.595
SPY,2023-01-09 09:02:17.382939+00:00,P,388.61,3.0,P,388.57,3.0,['R'],B,388.59000000000003
SPY,2023-01-09 09:02:19.624562+00:00,K,388.61,3.0,P,388.58,5.0,['R'],B,388.595
SPY,2023-01-09 09:02:19.624567+00:00,K,388.61,3.0,P,388.58,13.0,['R'],B,388.595
SPY,2023-01-09 09:02:19.624813+00:00,T,388.61,3.0,P,388.58,13.0,['R'],B,388.595
SPY,2023-01-09 09:02:19.624863+00:00,K,388.61,3.0,P,388.58,13.0,['R'],B,388.595
SPY,2023-01-09 09:02:19.628652+00:00,K,388.61,3.0,K,388.58,5.0,['R'],B,388.595
SPY,2023-01-09 09:02:19.628652+00:00,K,388.61,3.0,P,388.58,8.0,['R'],B,388.595
SPY,2023-01-09 09:02:19.628837+00:00,K,388.61,3.0,T,388.58,5.0,['R'],B,388.595
SPY,2023-01-09 09:02:19.628927+00:00,K,388.61,3.0,P,388.57,3.0,['R'],B,388.59000000000003
SPY,2023-01-09 09:02:19.686895+00:00,P,388.62,4.0,P,388.57,3.0,['R'],B,388.595
SPY,2023-01-09 09:02:20.297757+00:00,T,388.62,4.0,T,388.57,3.0,['R'],B,388.595
SPY,2023-01-09 09:02:20.297852+00:00,K,388.62,4.0,K,388.57,3.0,['R'],B,388.595
SPY,2023-01-09 09:02:20.297892+00:00,P,388.61,3.0,K,388.57,3.0,['R'],B,388.59000000000003
SPY,2023-01-09 09:02:20.298258+00:00,K,388.61,3.0,K,388.57,3.0,['R'],B,388.59000000000003
SPY,2023-01-09 09:02:20.967860+00:00,T,388.61,3.0,P,388.57,3.0,['R'],B,388.59000000000003
SPY,2023-01-09 09:02:20.967925+00:00,T,388.61,3.0,K,388.57,3.0,['R'],B,388.59000000000003
SPY,2023-01-09 09:02:20.967925+00:00,T,388.62,9.0,K,388.57,3.0,['R'],B,388.595
SPY,2023-01-09 09:02:20.968030+00:00,K,388.62,4.0,K,388.57,3.0,['R'],B,388.595
SPY,2023-01-09 09:02:20.968176+00:00,P,388.62,4.0,T,388.56,3.0,['R'],B,388.59000000000003
SPY,2023-01-09 09:02:20.968231+00:00,P,388.62,4.0,P,388.55,13.0,['R'],B,388.58500000000004
SPY,2023-01-09 09:02:21.005384+00:00,K,388.62,4.0,P,388.56,5.0,['R'],B,388.59000000000003
SPY,2023-01-09 09:02:21.005414+00:00,T,388.62,4.0,P,388.56,5.0,['R'],B,388.59000000000003
SPY,2023-01-09 09:02:21.005660+00:00,P,388.62,4.0,P,388.56,5.0,['R'],B,388.59000000000003
SPY,2023-01-09 09:02:21.009639+00:00,K,388.62,4.0,P,388.57,3.0,['R'],B,388.595
SPY,2023-01-09 09:02:21.009885+00:00,T,388.62,4.0,P,388.57,3.0,['R'],B,388.595
SPY,2023-01-09 09:02:21.009955+00:00,P,388.62,4.0,P,388.57,3.0,['R'],B,388.595
SPY,2023-01-09 09:02:22.370959+00:00,P,388.62,3.0,K,388.57,3.0,['R'],B,388.595
SPY,2023-01-09 09:02:22.370999+00:00,K,388.62,1.0,K,388.57,3.0,['R'],B,388.595
SPY,2023-01-09 09:02:22.371155+00:00,T,388.62,1.0,T,388.57,3.0,['R'],B,388.595
SPY,2023-01-09 09:02:22.371260+00:00,K,388.63,3.0,P,388.57,3.0,['R'],B,388.6
SPY,2023-01-09 09:02:22.371746+00:00,K,388.63,4.0,P,388.57,3.0,['R'],B,388.6
SPY,2023-01-09 09:02:22.371962+00:00,K,388.63,3.0,P,388.57,3.0,['R'],B,388.6
SPY,2023-01-09 09:02:22.382351+00:00,K,388.63,3.0,P,388.58,5.0,['R'],B,388.605
SPY,2023-01-09 09:02:22.394951+00:00,K,388.63,3.0,K,388.58,5.0,['R'],B,388.605
SPY,2023-01-09 09:02:22.394961+00:00,T,388.63,3.0,T,388.58,5.0,['R'],B,388.605
SPY,2023-01-09 09:02:22.395227+00:00,K,388.63,3.0,P,388.57,3.0,['R'],B,388.6
SPY,2023-01-09 09:02:22.431653+00:00,K,388.63,3.0,P,388.58,5.0,['R'],B,388.605
SPY,2023-01-09 09:02:22.431684+00:00,T,388.63,3.0,P,388.58,5.0,['R'],B,388.605
SPY,2023-01-09 09:02:22.431924+00:00,K,388.63,3.0,P,388.58,5.0,['R'],B,388.605
SPY,2023-01-09 09:02:22.434159+00:00,T,388.63,3.0,K,388.59,3.0,['R'],B,388.61
SPY,2023-01-09 09:02:22.434230+00:00,K,388.63,3.0,K,388.59,3.0,['R'],B,388.61
SPY,2023-01-09 09:02:22.937892+00:00,K,388.63,3.0,P,388.59,11.0,['R'],B,388.61
SPY,2023-01-09 09:02:22.937901+00:00,K,388.63,3.0,P,388.59,16.0,['R'],B,388.61
SPY,2023-01-09 09:02:22.937961+00:00,T,388.63,3.0,P,388.59,16.0,['R'],B,388.61
SPY,2023-01-09 09:02:22.938157+00:00,K,388.63,3.0,P,388.59,16.0,['R'],B,388.61
SPY,2023-01-09 09:02:24.164637+00:00,T,388.63,3.0,K,388.6,3.0,['R'],B,388.615
SPY,2023-01-09 09:02:24.164702+00:00,K,388.63,3.0,K,388.6,3.0,['R'],B,388.615
SPY,2023-01-09 09:02:24.164832+00:00,P,388.64,4.0,K,388.6,3.0,['R'],B,388.62
SPY,2023-01-09 09:02:24.165158+00:00,T,388.64,4.0,K,388.6,3.0,['R'],B,388.62
SPY,2023-01-09 09:02:24.166251+00:00,T,388.64,4.0,T,388.6,3.0,['R'],B,388.62
SPY,2023-01-09 09:02:24.166336+00:00,T,388.64,3.0,K,388.6,3.0,['R'],B,388.62
SPY,2023-01-09 09:02:24.166341+00:00,T,388.65,3.0,K,388.6,3.0,['R'],B,388.625
SPY,2023-01-09 09:02:24.166351+00:00,K,388.66,8.0,K,388.6,3.0,['R'],B,388.63
SPY,2023-01-09 09:02:24.166366+00:00,K,388.66,9.0,P,388.6,3.0,['R'],B,388.63
SPY,2023-01-09 09:02:24.166511+00:00,K,388.66,9.0,P,388.61,8.0,['R'],B,388.635
SPY,2023-01-09 09:02:24.166531+00:00,K,388.66,9.0,P,388.61,13.0,['R'],B,388.635
SPY,2023-01-09 09:02:24.166546+00:00,K,388.66,4.0,P,388.61,13.0,['R'],B,388.635
SPY,2023-01-09 09:02:24.166812+00:00,K,388.66,3.0,P,388.61,13.0,['R'],B,388.635
SPY,2023-01-09 09:02:24.166907+00:00,T,388.67,1.0,P,388.61,13.0,['R'],B,388.64
SPY,2023-01-09 09:02:25.007031+00:00,P,388.67,3.0,T,388.61,5.0,['R'],B,388.64
SPY,2023-01-09 09:02:25.007031+00:00,T,388.67,1.0,T,388.61,5.0,['R'],B,388.64
SPY,2023-01-09 09:02:25.007055+00:00,P,388.67,3.0,T,388.62,3.0,['R'],B,388.645
SPY,2023-01-09 09:02:25.007341+00:00,P,388.67,3.0,T,388.61,8.0,['R'],B,388.64
SPY,2023-01-09 09:02:25.007341+00:00,T,388.67,4.0,T,388.61,8.0,['R'],B,388.64
SPY,2023-01-09 09:02:25.007346+00:00,T,388.67,4.0,T,388.61,3.0,['R'],B,388.64
SPY,2023-01-09 09:02:25.007356+00:00,T,388.66,3.0,T,388.61,3.0,['R'],B,388.635
SPY,2023-01-09 09:02:25.007366+00:00,T,388.66,3.0,P,388.6,18.0,['R'],B,388.63
SPY,2023-01-09 09:02:25.007456+00:00,T,388.66,3.0,T,388.6,13.0,['R'],B,388.63
SPY,2023-01-09 09:02:25.007632+00:00,T,388.66,3.0,P,388.6,13.0,['R'],B,388.63
SPY,2023-01-09 09:02:27.050186+00:00,P,388.66,5.0,P,388.6,13.0,['R'],B,388.63
SPY,2023-01-09 09:02:27.050196+00:00,P,388.66,13.0,P,388.6,13.0,['R'],B,388.63
SPY,2023-01-09 09:02:27.050282+00:00,P,388.66,14.0,P,388.6,13.0,['R'],B,388.63
SPY,2023-01-09 09:02:27.053339+00:00,P,388.66,9.0,P,388.6,13.0,['R'],B,388.63
SPY,2023-01-09 09:02:27.053825+00:00,T,388.66,3.0,P,388.6,13.0,['R'],B,388.63
SPY,2023-01-09 09:02:27.209726+00:00,P,388.65,3.0,P,388.6,13.0,['R'],B,388.625
SPY,2023-01-09 09:02:27.209726+00:00,P,388.66,4.0,P,388.6,13.0,['R'],B,388.63
SPY,2023-01-09 09:02:27.212974+00:00,K,388.65,3.0,T,388.6,8.0,['R'],B,388.625
SPY,2023-01-09 09:02:27.213024+00:00,P,388.65,3.0,T,388.6,8.0,['R'],B,388.625
SPY,2023-01-09 09:02:27.213284+00:00,P,388.65,3.0,T,388.6,3.0,['R'],B,388.625
SPY,2023-01-09 09:02:27.213309+00:00,P,388.65,3.0,P,388.59,3.0,['R'],B,388.62
SPY,2023-01-09 09:02:27.294106+00:00,P,388.65,8.0,K,388.59,3.0,['R'],B,388.62
SPY,2023-01-09 09:02:27.294136+00:00,P,388.65,8.0,T,388.59,3.0,['R'],B,388.62
SPY,2023-01-09 09:02:27.294377+00:00,P,388.65,8.0,P,388.59,3.0,['R'],B,388.62
SPY,2023-01-09 09:02:27.322690+00:00,P,388.64,3.0,K,388.59,3.0,['R'],B,388.615
SPY,2023-01-09 09:02:27.322779+00:00,P,388.64,4.0,K,388.59,3.0,['R'],B,388.615
SPY,2023-01-09 09:02:27.322935+00:00,P,388.64,4.0,T,388.59,3.0,['R'],B,388.615
SPY,2023-01-09 09:02:27.322995+00:00,P,388.64,4.0,P,388.59,3.0,['R'],B,388.615
SPY,2023-01-09 09:02:27.325381+00:00,P,388.63,3.0,T,388.59,3.0,['R'],B,388.61
SPY,2023-01-09 09:02:27.325776+00:00,P,388.63,3.0,P,388.59,3.0,['R'],B,388.61
SPY,2023-01-09 09:02:27.327065+00:00,K,388.63,3.0,K,388.59,3.0,['R'],B,388.61
SPY,2023-01-09 09:02:27.327295+00:00,P,388.63,3.0,P,388.58,8.0,['R'],B,388.605
SPY,2023-01-09 09:02:27.765953+00:00,K,388.63,3.0,K,388.58,5.0,['R'],B,388.605
SPY,2023-01-09 09:02:27.765988+00:00,P,388.63,3.0,P,388.57,3.0,['R'],B,388.6
SPY,2023-01-09 09:02:28.419396+00:00,K,388.63,3.0,K,388.57,3.0,['R'],B,388.6
SPY,2023-01-09 09:02:28.419541+00:00,P,388.64,10.0,T,388.57,3.0,['R'],B,388.605
SPY,2023-01-09 09:02:28.428061+00:00,T,388.64,8.0,T,388.57,3.0,['R'],B,388.605
SPY,2023-01-09 09:02:28.428362+00:00,K,388.64,4.0,K,388.57,3.0,['R'],B,388.605
SPY,2023-01-09 09:02:28.737256+00:00,K,388.64,4.0,P,388.58,5.0,['R'],B,388.61
SPY,2023-01-09 09:02:28.844831+00:00,K,388.64,4.0,K,388.58,5.0,['R'],B,388.61
SPY,2023-01-09 09:02:28.844851+00:00,K,388.64,4.0,T,388.58,5.0,['R'],B,388.61
SPY,2023-01-09 09:02:28.845107+00:00,K,388.64,4.0,P,388.57,3.0,['R'],B,388.605
SPY,2023-01-09 09:02:28.881062+00:00,K,388.64,4.0,P,388.57,8.0,['R'],B,388.605
SPY,2023-01-09 09:02:30.247977+00:00,K,388.64,4.0,P,388.58,3.0,['R'],B,388.61
SPY,2023-01-09 09:02:30.248001+00:00,K,388.64,4.0,P,388.6,8.0,['R'],B,388.62
SPY,2023-01-09 09:02:30.248006+00:00,K,388.64,4.0,P,388.6,13.0,['R'],B,388.62
SPY,2023-01-09 09:02:30.252141+00:00,K,388.64,4.0,K,388.6,5.0,['R'],B,388.62
SPY,2023-01-09 09:02:30.252357+00:00,K,388.64,4.0,T,388.6,5.0,['R'],B,388.62
SPY,2023-01-09 09:02:30.252527+00:00,K,388.64,4.0,T,388.59,3.0,['R'],B,388.615
SPY,2023-01-09 09:02:30.252557+00:00,K,388.64,4.0,P,388.58,16.0,['R'],B,388.61
SPY,2023-01-09 09:02:30.289179+00:00,K,388.64,4.0,P,388.58,21.0,['R'],B,388.61
SPY,2023-01-09 09:02:31.651272+00:00,K,388.64,4.0,P,388.59,8.0,['R'],B,388.615
SPY,2023-01-09 09:02:31.651277+00:00,K,388.64,4.0,P,388.6,5.0,['R'],B,388.62
SPY,2023-01-09 09:02:32.704666+00:00,K,388.64,4.0,P,388.6,11.0,['R'],B,388.62
SPY,2023-01-09 09:02:32.704666+00:00,K,388.64,4.0,P,388.6,8.0,['R'],B,388.62
SPY,2023-01-09 09:02:32.704751+00:00,K,388.64,4.0,P,388.6,8.0,['R'],B,388.62
SPY,2023-01-09 09:02:32.705177+00:00,K,388.64,4.0,P,388.61,3.0,['R'],B,388.625
SPY,2023-01-09 09:02:32.705177+00:00,T,388.64,3.0,P,388.61,3.0,['R'],B,388.625
SPY,2023-01-09 09:02:34.105035+00:00,K,388.64,3.0,P,388.61,3.0,['R'],B,388.625
SPY,2023-01-09 09:02:34.106573+00:00,T,388.65,4.0,P,388.61,3.0,['R'],B,388.63
SPY,2023-01-09 09:02:34.106614+00:00,T,388.65,1.0,P,388.61,3.0,['R'],B,388.63
SPY,2023-01-09 09:02:34.106624+00:00,T,388.65,1.0,P,388.63,8.0,['R'],B,388.64
SPY,2023-01-09 09:02:34.106633+00:00,T,388.65,1.0,P,388.63,13.0,['R'],B,388.64
SPY,2023-01-09 09:02:34.106714+00:00,T,388.66,3.0,P,388.63,13.0,['R'],B,388.645
SPY,2023-01-09 09:02:34.110704+00:00,T,388.66,3.0,P,388.63,8.0,['R'],B,388.645
SPY,2023-01-09 09:02:34.110708+00:00,T,388.66,3.0,K,388.63,5.0,['R'],B,388.645
SPY,2023-01-09 09:02:34.110748+00:00,T,388.66,3.0,T,388.63,5.0,['R'],B,388.645
SPY,2023-01-09 09:02:34.110984+00:00,T,388.66,3.0,T,388.62,3.0,['R'],B,388.64
SPY,2023-01-09 09:02:34.111004+00:00,T,388.66,3.0,P,388.61,3.0,['R'],B,388.635
SPY,2023-01-09 09:02:36.158956+00:00,T,388.66,3.0,P,388.61,11.0,['R'],B,388.635
SPY,2023-01-09 09:02:36.158956+00:00,T,388.66,3.0,P,388.61,16.0,['R'],B,388.635
SPY,2023-01-09 09:02:36.401503+00:00,T,388.66,3.0,P,388.62,3.0,['R'],B,388.64
SPY,2023-01-09 09:02:36.402094+00:00,P,388.67,1.0,P,388.62,3.0,['R'],B,388.645
SPY,2023-01-09 09:02:39.001342+00:00,P,388.67,4.0,T,388.62,3.0,['R'],B,388.645
SPY,2023-01-09 09:02:39.001618+00:00,P,388.67,4.0,P,388.62,3.0,['R'],B,388.645
SPY,2023-01-09 09:02:41.672951+00:00,K,388.67,4.0,T,388.62,3.0,['R'],B,388.645
SPY,2023-01-09 09:02:41.673147+00:00,K,388.67,4.0,P,388.65,13.0,['R'],B,388.65999999999997
SPY,2023-01-09 09:02:41.673147+00:00,K,388.67,4.0,P,388.65,5.0,['R'],B,388.65999999999997
SPY,2023-01-09 09:02:41.673187+00:00,K,388.67,3.0,P,388.65,13.0,['R'],B,388.65999999999997
SPY,2023-01-09 09:02:41.673287+00:00,K,388.69,5.0,P,388.65,13.0,['R'],B,388.66999999999996
SPY,2023-01-09 09:02:41.673367+00:00,P,388.69,1.0,P,388.65,13.0,['R'],B,388.66999999999996
SPY,2023-01-09 09:02:41.685787+00:00,K,388.69,1.0,P,388.65,16.0,['R'],B,388.66999999999996
SPY,2023-01-09 09:02:41.686248+00:00,T,388.7,4.0,P,388.65,16.0,['R'],B,388.67499999999995
SPY,2023-01-09 09:02:41.686569+00:00,T,388.7,4.0,P,388.66,3.0,['R'],B,388.68
SPY,2023-01-09 09:02:41.687090+00:00,T,388.7,3.0,P,388.66,3.0,['R'],B,388.68
SPY,2023-01-09 09:02:41.687115+00:00,P,388.71,1.0,P,388.66,3.0,['R'],B,388.685
SPY,2023-01-09 09:02:41.687115+00:00,T,388.71,3.0,P,388.66,3.0,['R'],B,388.685
SPY,2023-01-09 09:02:41.732237+00:00,P,388.71,4.0,K,388.66,3.0,['R'],B,388.685
SPY,2023-01-09 09:02:41.732237+00:00,P,388.7,3.0,K,388.66,3.0,['R'],B,388.68
SPY,2023-01-09 09:02:41.732523+00:00,P,388.7,3.0,P,388.66,3.0,['R'],B,388.68
SPY,2023-01-09 09:02:41.917006+00:00,K,388.7,3.0,P,388.68,13.0,['R'],B,388.69
SPY,2023-01-09 09:02:41.917006+00:00,K,388.7,3.0,P,388.68,8.0,['R'],B,388.69
SPY,2023-01-09 09:02:41.917272+00:00,P,388.7,3.0,P,388.68,13.0,['R'],B,388.69
SPY,2023-01-09 09:02:42.078866+00:00,P,388.7,2.0,P,388.68,13.0,['R'],B,388.69
SPY,2023-01-09 09:02:42.802928+00:00,P,388.73,13.0,P,388.68,13.0,['R'],B,388.70500000000004
SPY,2023-01-09 09:02:42.802988+00:00,P,388.73,14.0,P,388.68,13.0,['R'],B,388.70500000000004
SPY,2023-01-09 09:02:42.909772+00:00,P,388.73,9.0,P,388.68,13.0,['R'],B,388.70500000000004
SPY,2023-01-09 09:02:42.909777+00:00,P,388.73,9.0,P,388.68,16.0,['R'],B,388.70500000000004
SPY,2023-01-09 09:02:42.909782+00:00,P,388.73,9.0,P,388.69,3.0,['R'],B,388.71000000000004
SPY,2023-01-09 09:02:42.909787+00:00,P,388.73,1.0,P,388.69,3.0,['R'],B,388.71000000000004
SPY,2023-01-09 09:02:42.975693+00:00,K,388.74,1.0,K,388.69,3.0,['R'],B,388.71500000000003
SPY,2023-01-09 09:02:42.980204+00:00,K,388.74,1.0,P,388.69,11.0,['R'],B,388.71500000000003
SPY,2023-01-09 09:02:42.980209+00:00,K,388.74,1.0,P,388.69,16.0,['R'],B,388.71500000000003
SPY,2023-01-09 09:02:42.980244+00:00,T,388.74,1.0,P,388.69,16.0,['R'],B,388.71500000000003
SPY,2023-01-09 09:02:42.980480+00:00,K,388.74,1.0,P,388.69,16.0,['R'],B,388.71500000000003
SPY,2023-01-09 09:02:43.007790+00:00,T,388.74,1.0,K,388.7,3.0,['R'],B,388.72
SPY,2023-01-09 09:02:43.138095+00:00,K,388.74,1.0,K,388.7,3.0,['R'],B,388.72
SPY,2023-01-09 09:02:43.842232+00:00,T,388.74,1.0,P,388.7,3.0,['R'],B,388.72
SPY,2023-01-09 09:02:43.842273+00:00,T,388.75,3.0,P,388.7,3.0,['R'],B,388.725
SPY,2023-01-09 09:02:43.842298+00:00,T,388.76,3.0,P,388.7,3.0,['R'],B,388.73
SPY,2023-01-09 09:02:43.842302+00:00,P,388.77,14.0,P,388.7,3.0,['R'],B,388.735
SPY,2023-01-09 09:02:43.842338+00:00,T,388.76,1.0,P,388.7,3.0,['R'],B,388.73
SPY,2023-01-09 09:02:43.879330+00:00,T,388.76,1.0,T,388.7,3.0,['R'],B,388.73
SPY,2023-01-09 09:02:44.096567+00:00,P,388.76,3.0,T,388.7,3.0,['R'],B,388.73
SPY,2023-01-09 09:02:44.096872+00:00,T,388.76,4.0,P,388.7,3.0,['R'],B,388.73
SPY,2023-01-09 09:02:44.096877+00:00,T,388.75,3.0,P,388.7,3.0,['R'],B,388.725
SPY,2023-01-09 09:02:48.497101+00:00,T,388.75,3.0,K,388.7,3.0,['R'],B,388.725
SPY,2023-01-09 09:02:48.497432+00:00,T,388.75,3.0,K,388.69,6.0,['R'],B,388.72
SPY,2023-01-09 09:02:48.497467+00:00,T,388.75,3.0,P,388.69,3.0,['R'],B,388.72
SPY,2023-01-09 09:02:48.507967+00:00,P,388.75,5.0,T,388.69,3.0,['R'],B,388.72
SPY,2023-01-09 09:02:48.508027+00:00,P,388.75,6.0,T,388.69,3.0,['R'],B,388.72
SPY,2023-01-09 09:02:48.508238+00:00,T,388.75,8.0,P,388.69,3.0,['R'],B,388.72
SPY,2023-01-09 09:02:49.092401+00:00,T,388.75,8.0,T,388.69,3.0,['R'],B,388.72
SPY,2023-01-09 09:02:49.092661+00:00,T,388.75,3.0,K,388.69,3.0,['R'],B,388.72
SPY,2023-01-09 09:02:49.587267+00:00,T,388.75,3.0,P,388.7,8.0,['R'],B,388.725
SPY,2023-01-09 09:02:49.587272+00:00,T,388.75,3.0,P,388.7,13.0,['R'],B,388.725
SPY,2023-01-09 09:02:49.587869+00:00,T,388.75,3.0,K,388.7,5.0,['R'],B,388.725
SPY,2023-01-09 09:02:49.588114+00:00,T,388.75,3.0,T,388.7,5.0,['R'],B,388.725
SPY,2023-01-09 09:02:49.588179+00:00,T,388.75,3.0,P,388.69,3.0,['R'],B,388.72
SPY,2023-01-09 09:02:50.055465+00:00,P,388.74,3.0,K,388.69,3.0,['R'],B,388.71500000000003
SPY,2023-01-09 09:02:50.055736+00:00,P,388.74,3.0,T,388.69,3.0,['R'],B,388.71500000000003
SPY,2023-01-09 09:02:50.066767+00:00,P,388.74,3.0,P,388.69,3.0,['R'],B,388.71500000000003
SPY,2023-01-09 09:02:51.949381+00:00,P,388.73,5.0,K,388.69,3.0,['R'],B,388.71000000000004
SPY,2023-01-09 09:02:51.949387+00:00,P,388.73,13.0,K,388.69,3.0,['R'],B,388.71000000000004
SPY,2023-01-09 09:02:51.949682+00:00,P,388.73,13.0,T,388.69,3.0,['R'],B,388.71000000000004
SPY,2023-01-09 09:02:51.949702+00:00,P,388.73,13.0,P,388.69,3.0,['R'],B,388.71000000000004
SPY,2023-01-09 09:02:51.953556+00:00,P,388.73,8.0,K,388.69,3.0,['R'],B,388.71000000000004
SPY,2023-01-09 09:02:51.953616+00:00,T,388.73,5.0,K,388.69,3.0,['R'],B,388.71000000000004
SPY,2023-01-09 09:02:51.953787+00:00,T,388.73,5.0,T,388.69,3.0,['R'],B,388.71000000000004
SPY,2023-01-09 09:02:51.953897+00:00,P,388.74,4.0,P,388.69,3.0,['R'],B,388.71500000000003
SPY,2023-01-09 09:02:53.590327+00:00,P,388.74,4.0,P,388.69,8.0,['R'],B,388.71500000000003
SPY,2023-01-09 09:02:53.590327+00:00,P,388.74,4.0,P,388.7,8.0,['R'],B,388.72
SPY,2023-01-09 09:02:53.590443+00:00,K,388.74,3.0,P,388.7,8.0,['R'],B,388.72
SPY,2023-01-09 09:02:53.590774+00:00,T,388.74,1.0,P,388.7,8.0,['R'],B,388.72
SPY,2023-01-09 09:02:53.590844+00:00,K,388.75,4.0,P,388.7,8.0,['R'],B,388.725
SPY,2023-01-09 09:02:53.591986+00:00,K,388.75,4.0,P,388.7,11.0,['R'],B,388.725
SPY,2023-01-09 09:02:53.591996+00:00,K,388.75,4.0,P,388.71,3.0,['R'],B,388.73
SPY,2023-01-09 09:02:53.592212+00:00,T,388.75,3.0,P,388.71,3.0,['R'],B,388.73
SPY,2023-01-09 09:02:53.592297+00:00,K,388.76,6.0,P,388.71,3.0,['R'],B,388.735
SPY,2023-01-09 09:02:53.592352+00:00,P,388.76,4.0,P,388.71,3.0,['R'],B,388.735
SPY,2023-01-09 09:02:53.603363+00:00,P,388.76,4.0,P,388.71,8.0,['R'],B,388.735
SPY,2023-01-09 09:02:53.790553+00:00,P,388.76,4.0,P,388.71,16.0,['R'],B,388.735
SPY,2023-01-09 09:02:53.790568+00:00,P,388.76,4.0,P,388.71,21.0,['R'],B,388.735
SPY,2023-01-09 09:02:54.005168+00:00,K,388.76,3.0,P,388.71,21.0,['R'],B,388.735
SPY,2023-01-09 09:02:54.005640+00:00,P,388.76,3.0,K,388.72,3.0,['R'],B,388.74
SPY,2023-01-09 09:02:54.005785+00:00,K,388.76,3.0,K,388.72,3.0,['R'],B,388.74
SPY,2023-01-09 09:02:54.006016+00:00,T,388.77,1.0,K,388.72,3.0,['R'],B,388.745
SPY,2023-01-09 09:02:54.007188+00:00,T,388.77,1.0,P,388.72,3.0,['R'],B,388.745
